@ARTICLE{KOI-142,
       author = {{Nesvorn{\'y}}, David and {Kipping}, David and {Terrell}, Dirk and {Hartman}, Joel and {Bakos}, G{\'a}sp{\'a}r {\'A}. and {Buchhave}, Lars A.},
        title = "{KOI-142, The King of Transit Variations, is a Pair of Planets near the 2:1 Resonance}",
      journal = {\apj},
     keywords = {planetary systems, Astrophysics - Earth and Planetary Astrophysics},
         year = 2013,
        month = nov,
       volume = {777},
       number = {1},
          eid = {3},
        pages = {3},
          doi = {10.1088/0004-637X/777/1/3},
archivePrefix = {arXiv},
       eprint = {1304.4283},
 primaryClass = {astro-ph.EP},
       adsurl = {https://ui.adsabs.harvard.edu/abs/2013ApJ...777....3N},
      adsnote = {Provided by the SAO/NASA Astrophysics Data System}
}

@ARTICLE{2004ApJ...611..517L,
       author = {{Lee}, Man Hoi},
        title = "{Diversity and Origin of 2:1 Orbital Resonances in Extrasolar Planetary Systems}",
      journal = {\apj},
     keywords = {Celestial Mechanics, Stars: Planetary Systems, Planets and Satellites: General},
         year = 2004,
        month = aug,
       volume = {611},
       number = {1},
        pages = {517-527},
          doi = {10.1086/422166},
       adsurl = {https://ui.adsabs.harvard.edu/abs/2004ApJ...611..517L},
      adsnote = {Provided by the SAO/NASA Astrophysics Data System}
}



@ARTICLE{tsm,
       author = {{Kempton}, Eliza M. -R. and {Bean}, Jacob L. and {Louie}, Dana R. and {Deming}, Drake and {Koll}, Daniel D.~B. and {Mansfield}, Megan and {Christiansen}, Jessie L. and {L{\'o}pez-Morales}, Mercedes and {Swain}, Mark R. and {Zellem}, Robert T. and {Ballard}, Sarah and {Barclay}, Thomas and {Barstow}, Joanna K. and {Batalha}, Natasha E. and {Beatty}, Thomas G. and {Berta-Thompson}, Zach and {Birkby}, Jayne and {Buchhave}, Lars A. and {Charbonneau}, David and {Cowan}, Nicolas B. and {Crossfield}, Ian and {de Val-Borro}, Miguel and {Doyon}, Ren{\'e} and {Dragomir}, Diana and {Gaidos}, Eric and {Heng}, Kevin and {Hu}, Renyu and {Kane}, Stephen R. and {Kreidberg}, Laura and {Mallonn}, Matthias and {Morley}, Caroline V. and {Narita}, Norio and {Nascimbeni}, Valerio and {Pall{\'e}}, Enric and {Quintana}, Elisa V. and {Rauscher}, Emily and {Seager}, Sara and {Shkolnik}, Evgenya L. and {Sing}, David K. and {Sozzetti}, Alessandro and {Stassun}, Keivan G. and {Valenti}, Jeff A. and {von Essen}, Carolina},
        title = "{A Framework for Prioritizing the TESS Planetary Candidates Most Amenable to Atmospheric Characterization}",
      journal = {\pasp},
     keywords = {Astrophysics - Earth and Planetary Astrophysics},
         year = 2018,
        month = nov,
       volume = {130},
       number = {993},
        pages = {114401},
          doi = {10.1088/1538-3873/aadf6f},
archivePrefix = {arXiv},
       eprint = {1805.03671},
 primaryClass = {astro-ph.EP},
       adsurl = {https://ui.adsabs.harvard.edu/abs/2018PASP..130k4401K},
      adsnote = {Provided by the SAO/NASA Astrophysics Data System}
}



@ARTICLE{chen:2017,
       author = {{Chen}, Jingjing and {Kipping}, David},
        title = "{Probabilistic Forecasting of the Masses and Radii of Other Worlds}",
      journal = {\apj},
     keywords = {methods: statistics, planetary systems, Astrophysics - Earth and Planetary Astrophysics, Astrophysics - Instrumentation and Methods for Astrophysics},
         year = 2017,
        month = jan,
       volume = {834},
       number = {1},
          eid = {17},
        pages = {17},
          doi = {10.3847/1538-4357/834/1/17},
archivePrefix = {arXiv},
       eprint = {1603.08614},
 primaryClass = {astro-ph.EP},
       adsurl = {https://ui.adsabs.harvard.edu/abs/2017ApJ...834...17C},
      adsnote = {Provided by the SAO/NASA Astrophysics Data System}
}


@ARTICLE{Bozhilov2023,
       author = {{Bozhilov}, Vladimir and {Antonova}, Desislava and {Hobson}, Melissa J. and {Brahm}, Rafael and {Jord{\'a}n}, Andr{\'e}s and {Henning}, Thomas and {Eberhardt}, Jan and {Rojas}, Felipe I. and {Batygin}, Konstantin and {Torres-Miranda}, Pascal and {Stassun}, Keivan G. and {Millholland}, Sarah C. and {Stoeva}, Denitza and {Minev}, Milen and {Espinoza}, Nestor and {Ricker}, George R. and {Latham}, David W. and {Dragomir}, Diana and {Kunimoto}, Michelle and {Jenkins}, Jon M. and {Ting}, Eric B. and {Seager}, Sara and {Winn}, Joshua N. and {Villasenor}, Jesus Noel and {Bouma}, Luke G. and {Medina}, Jennifer and {Trifonov}, Trifon},
        title = "{A 2:1 Mean-motion Resonance Super-Jovian Pair Revealed by TESS, FEROS, and HARPS}",
      journal = {\apjl},
     keywords = {Radial velocity, Transit photometry, Exoplanets, Exoplanet systems, Exoplanet dynamics, Exoplanet evolution, Exoplanet migration, Exoplanet astronomy, Extrasolar gaseous planets, 1332, 1709, 498, 484, 490, 491, 2205, 486, 2172, Astrophysics - Earth and Planetary Astrophysics},
         year = 2023,
        month = apr,
       volume = {946},
       number = {2},
          eid = {L36},
        pages = {L36},
          doi = {10.3847/2041-8213/acbd4f},
archivePrefix = {arXiv},
       eprint = {2302.10838},
 primaryClass = {astro-ph.EP},
       adsurl = {https://ui.adsabs.harvard.edu/abs/2023ApJ...946L..36B},
      adsnote = {Provided by the SAO/NASA Astrophysics Data System}
}



@ARTICLE{muller:2024,
       author = {{M{\"u}ller}, Simon and {Baron}, Jana and {Helled}, Ravit and {Bouchy}, Fran{\c{c}}ois and {Parc}, L{\'e}na},
        title = "{The mass-radius relation of exoplanets revisited}",
      journal = {\aap},
     keywords = {planets and satellites: composition, planets and satellites: gaseous planets, planets and satellites: general, planets and satellites: terrestrial planets, Astrophysics - Earth and Planetary Astrophysics},
         year = 2024,
        month = jun,
       volume = {686},
          eid = {A296},
        pages = {A296},
          doi = {10.1051/0004-6361/202348690},
archivePrefix = {arXiv},
       eprint = {2311.12593},
 primaryClass = {astro-ph.EP},
       adsurl = {https://ui.adsabs.harvard.edu/abs/2024A&A...686A.296M},
      adsnote = {Provided by the SAO/NASA Astrophysics Data System}
}

@ARTICLE{madhusudhan:2023,
       author = {{Madhusudhan}, Nikku and {Sarkar}, Subhajit and {Constantinou}, Savvas and {Holmberg}, M{\r{a}}ns and {Piette}, Anjali A.~A. and {Moses}, Julianne I.},
        title = "{Carbon-bearing Molecules in a Possible Hycean Atmosphere}",
      journal = {\apjl},
     keywords = {Exoplanets, Habitable planets, Exoplanet atmospheres, Exoplanet atmospheric composition, James Webb Space Telescope, Infrared spectroscopy, Astrobiology, Biosignatures, 498, 695, 487, 2021, 2291, 2285, 74, 2018, Astrophysics - Earth and Planetary Astrophysics},
         year = 2023,
        month = oct,
       volume = {956},
       number = {1},
          eid = {L13},
        pages = {L13},
          doi = {10.3847/2041-8213/acf577},
archivePrefix = {arXiv},
       eprint = {2309.05566},
 primaryClass = {astro-ph.EP},
       adsurl = {https://ui.adsabs.harvard.edu/abs/2023ApJ...956L..13M},
      adsnote = {Provided by the SAO/NASA Astrophysics Data System}
}



@ARTICLE{holmberg:2024,
       author = {{Holmberg}, M{\r{a}}ns and {Madhusudhan}, Nikku},
        title = "{Possible Hycean conditions in the sub-Neptune TOI-270 d}",
      journal = {\aap},
     keywords = {techniques: spectroscopic, planets and satellites: atmospheres, planets and satellites: composition, planets and satellites: general, Astrophysics - Earth and Planetary Astrophysics},
         year = 2024,
        month = mar,
       volume = {683},
          eid = {L2},
        pages = {L2},
          doi = {10.1051/0004-6361/202348238},
archivePrefix = {arXiv},
       eprint = {2403.03244},
 primaryClass = {astro-ph.EP},
       adsurl = {https://ui.adsabs.harvard.edu/abs/2024A&A...683L...2H},
      adsnote = {Provided by the SAO/NASA Astrophysics Data System}
}




@INPROCEEDINGS{Skilling2004,
       author = {{Skilling}, John},
        title = "{Nested Sampling}",
     keywords = {02.50.Tt, Inference methods},
    booktitle = {American Institute of Physics Conference Series},
         year = 2004,
       editor = {{Fischer}, Rainer and {Preuss}, Roland and {Toussaint}, Udo Von},
       series = {American Institute of Physics Conference Series},
       volume = {735},
        month = nov,
        pages = {395-405},
          doi = {10.1063/1.1835238},
       adsurl = {https://ui.adsabs.harvard.edu/abs/2004AIPC..735..395S},
      adsnote = {Provided by the SAO/NASA Astrophysics Data System}
}



@ARTICLE{Speagle2020,
       author = {{Speagle}, Joshua S.},
        title = "{DYNESTY: a dynamic nested sampling package for estimating Bayesian posteriors and evidences}",
      journal = {\mnras},
     keywords = {methods: data analysis, methods: statistical, Astrophysics - Instrumentation and Methods for Astrophysics, Statistics - Computation},
         year = 2020,
        month = apr,
       volume = {493},
       number = {3},
        pages = {3132-3158},
          doi = {10.1093/mnras/staa278},
archivePrefix = {arXiv},
       eprint = {1904.02180},
 primaryClass = {astro-ph.IM},
       adsurl = {https://ui.adsabs.harvard.edu/abs/2020MNRAS.493.3132S},
      adsnote = {Provided by the SAO/NASA Astrophysics Data System}
}


@ARTICLE{Lee2003,
   author = {{Lee}, M.H. and {Peale}, S.J.},
    title = "{Secular Evolution of Hierarchical Planetary Systems}",
  journal = {\apj},
   eprint = {astro-ph/0304454},
 keywords = {Celestial Mechanics, Stars: Planetary Systems, Planets and Satellites: General},
     year = 2003,
    month = aug,
   volume = 592,
    pages = {1201-1216},
      doi = {10.1086/375857},
   adsurl = {http://adsabs.harvard.edu/abs/2003ApJ...592.1201L},
  adsnote = {Provided by the SAO/NASA Astrophysics Data System}
}


@ARTICLE{Hippke2019,
       author = {{Hippke}, Michael and {David}, Trevor J. and {Mulders}, Gijs D. and
         {Heller}, Ren{\'e}},
        title = "{W{\={o}}tan: Comprehensive Time-series Detrending in Python}",
      journal = {\aj},
     keywords = {eclipses, methods: data analysis, methods: statistical, planetary systems, planets and satellites: detection, Astrophysics - Earth and Planetary Astrophysics, Astrophysics - Instrumentation and Methods for Astrophysics},
         year = 2019,
        month = oct,
       volume = {158},
       number = {4},
          eid = {143},
        pages = {143},
          doi = {10.3847/1538-3881/ab3984},
archivePrefix = {arXiv},
       eprint = {1906.00966},
 primaryClass = {astro-ph.EP},
       adsurl = {https://ui.adsabs.harvard.edu/abs/2019AJ....158..143H},
      adsnote = {Provided by the SAO/NASA Astrophysics Data System}
}



@article{emcee,
   author = {{Foreman-Mackey}, D. and {Hogg}, D.~W. and {Lang}, D. and {Goodman}, J.},
    title = {emcee: The MCMC Hammer},
  journal = {PASP},
     year = 2013,
   volume = 125,
    pages = {306-312},
   eprint = {1202.3665},
      doi = {10.1086/670067}
}

@ARTICLE{Wisdom1991,
   author = {{Wisdom}, J. and {Holman}, M.},
    title = "{Symplectic maps for the n-body problem}",
  journal = {\aj},
 keywords = {Many Body Problem, Planetary Evolution, Pluto (Planet), Astronomical Maps, Gravitational Effects},
     year = 1991,
    month = oct,
   volume = 102,
    pages = {1528-1538},
      doi = {10.1086/115978},
   adsurl = {http://adsabs.harvard.edu/abs/1991AJ....102.1528W},
  adsnote = {Provided by the SAO/NASA Astrophysics Data System}
}

 
@article{NelderMead,
  added-at = {2008-09-16T23:39:07.000+0200},
  author = {Nelder, J. A. and Mead, R.},
  biburl = {https://www.bibsonomy.org/bibtex/2053fb791805bd1debd80a198e8f3e45c/brian.mingus},
  description = {CCNLab BibTeX},
  interhash = {a5e0b861cf4f8ed6e67e8ea7cdc4b9ff},
  intrahash = {053fb791805bd1debd80a198e8f3e45c},
  journal = {Computer Journal},
  keywords = {imported},
  owner = {frankmj},
  pages = {308-313},
  timestamp = {2008-09-16T23:40:48.000+0200},
  title = {A Simplex Method for Function Minimization},
  volume = 7,
  year = 1965
}


@ARTICLE{Goodman2010,
       author = {{Goodman}, Jonathan and {Weare}, Jonathan},
        title = "{Ensemble samplers with affine invariance}",
      journal = {Communications in Applied Mathematics and Computational Science},
     keywords = {Markov chain Monte Carlo, affine invariance, ensemble samplers},
         year = 2010,
        month = jan,
       volume = {5},
       number = {1},
        pages = {65-80},
          doi = {10.2140/camcos.2010.5.65},
       adsurl = {https://ui.adsabs.harvard.edu/abs/2010CAMCS...5...65G},
      adsnote = {Provided by the SAO/NASA Astrophysics Data System}
}



@ARTICLE{Tan2013,
       author = {{Tan}, Xianyu and {Payne}, Matthew J. and {Lee}, Man Hoi and {Ford}, Eric B. and {Howard}, Andrew W. and {Johnson}, John. A. and {Marcy}, Geoff W. and {Wright}, Jason T.},
        title = "{Characterizing the Orbital and Dynamical State of the HD 82943 Planetary System with Keck Radial Velocity Data}",
      journal = {\apj},
     keywords = {celestial mechanics, planetary systems, stars: individual: HD 82943, Astrophysics - Earth and Planetary Astrophysics},
         year = 2013,
        month = nov,
       volume = {777},
       number = {2},
          eid = {101},
        pages = {101},
          doi = {10.1088/0004-637X/777/2/101},
archivePrefix = {arXiv},
       eprint = {1306.0687},
 primaryClass = {astro-ph.EP},
       adsurl = {https://ui.adsabs.harvard.edu/abs/2013ApJ...777..101T},
      adsnote = {Provided by the SAO/NASA Astrophysics Data System}
}


@ARTICLE{Deck2014,
       author = {{Deck}, Katherine M. and {Agol}, Eric and {Holman}, Matthew J. and
         {Nesvorn{\'y}}, David},
        title = "{TTVFast: An Efficient and Accurate Code for Transit Timing Inversion Problems}",
      journal = {\apj},
     keywords = {planets and satellites: dynamical evolution and stability, planets and satellites: fundamental parameters, methods: numerical, Astrophysics - Earth and Planetary Astrophysics},
         year = "2014",
        month = "Jun",
       volume = {787},
       number = {2},
          eid = {132},
        pages = {132},
          doi = {10.1088/0004-637X/787/2/132},
archivePrefix = {arXiv},
       eprint = {1403.1895},
 primaryClass = {astro-ph.EP},
       adsurl = {https://ui.adsabs.harvard.edu/abs/2014ApJ...787..132D},
      adsnote = {Provided by the SAO/NASA Astrophysics Data System}
}

@ARTICLE{Deck2015,
       author = {{Deck}, Katherine M. and {Agol}, Eric},
        title = "{Measurement of Planet Masses with Transit Timing Variations Due to Synodic {\textquotedblleft}Chopping{\textquotedblright} Effects}",
      journal = {\apj},
     keywords = {planetary systems, Astrophysics - Earth and Planetary Astrophysics},
         year = 2015,
        month = apr,
       volume = {802},
       number = {2},
          eid = {116},
        pages = {116},
          doi = {10.1088/0004-637X/802/2/116},
archivePrefix = {arXiv},
       eprint = {1411.0004},
 primaryClass = {astro-ph.EP},
       adsurl = {https://ui.adsabs.harvard.edu/abs/2015ApJ...802..116D},
      adsnote = {Provided by the SAO/NASA Astrophysics Data System}
}


@ARTICLE{Zechmeister2009,
   author = {{Zechmeister}, M. and {K{\"u}rster}, M.},
    title = "{The generalised Lomb-Scargle periodogram. A new formalism for the floating-mean and Keplerian periodograms}",
  journal = {\aap},
archivePrefix = "arXiv",
   eprint = {0901.2573},
 primaryClass = "astro-ph.IM",
 keywords = {methods: data analysis, methods: analytical, methods: statistical, techniques: radial velocities},
     year = 2009,
    month = mar,
   volume = 496,
    pages = {577-584},
      doi = {10.1051/0004-6361:200811296},
   adsurl = {http://adsabs.harvard.edu/abs/2009A%26A...496..577Z},
  adsnote = {Provided by the SAO/NASA Astrophysics Data System}
}



@ARTICLE{Baluev2009,
   author = {{Baluev}, R.~V.},
    title = "{Accounting for velocity jitter in planet search surveys}",
  journal = {\mnras},
archivePrefix = "arXiv",
   eprint = {0712.3862},
 keywords = {methods: data analysis , methods: statistical , techniques: radial velocities , surveys , stars: individual: HD 74156 , stars: planetary systems},
     year = 2009,
    month = mar,
   volume = 393,
    pages = {969-978},
      doi = {10.1111/j.1365-2966.2008.14217.x},
   adsurl = {http://adsabs.harvard.edu/abs/2009MNRAS.393..969B},
  adsnote = {Provided by the SAO/NASA Astrophysics Data System}
}

@ARTICLE{Baluev2013,
   author = {{Baluev}, R.~V.},
    title = "{The impact of red noise in radial velocity planet searches: only three planets orbiting GJ 581?}",
  journal = {\mnras},
archivePrefix = "arXiv",
   eprint = {1209.3154},
 primaryClass = "astro-ph.EP",
 keywords = {methods: data analysis, methods: statistical, techniques: radial velocities, surveys, stars: individual: GJ 581, planetary systems},
     year = 2013,
    month = mar,
   volume = 429,
    pages = {2052-2068},
      doi = {10.1093/mnras/sts476},
   adsurl = {http://adsabs.harvard.edu/abs/2013MNRAS.429.2052B},
  adsnote = {Provided by the SAO/NASA Astrophysics Data System}
}


@ARTICLE{GJ876,
       author = {{Rivera}, Eugenio J. and {Laughlin}, Gregory and {Butler}, R. Paul and {Vogt}, Steven S. and {Haghighipour}, Nader and {Meschiari}, Stefano},
        title = "{The Lick-Carnegie Exoplanet Survey: a Uranus-Mass Fourth Planet for GJ 876 in an Extrasolar Laplace Configuration}",
      journal = {\apj},
     keywords = {planetary systems, planets and satellites: general, stars: individual: GJ 876, Astrophysics - Earth and Planetary Astrophysics},
         year = 2010,
        month = aug,
       volume = {719},
       number = {1},
        pages = {890-899},
          doi = {10.1088/0004-637X/719/1/890},
archivePrefix = {arXiv},
       eprint = {1006.4244},
 primaryClass = {astro-ph.EP},
       adsurl = {https://ui.adsabs.harvard.edu/abs/2010ApJ...719..890R},
      adsnote = {Provided by the SAO/NASA Astrophysics Data System}
}
@ARTICLE{AGOL2005,
       author = {{Agol}, Eric and {Steffen}, Jason and {Sari}, Re'em and {Clarkson}, Will},
        title = "{On detecting terrestrial planets with timing of giant planet transits}",
      journal = {\mnras},
     keywords = {extrasolar planets, transiting planets, planetary dynamics, eclipses, planetary systems},
         year = 2005,
        month = may,
       volume = {359},
       number = {2},
        pages = {567-579},
          doi = {10.1111/j.1365-2966.2005.08922.x},
       adsurl = {https://ui.adsabs.harvard.edu/abs/2005MNRAS.359..567A},
      adsnote = {Provided by the SAO/NASA Astrophysics Data System}
}
@ARTICLE{KEPLER46,
       author = {{Nesvorn{\'y}}, David and {Kipping}, David M. and {Buchhave}, Lars A. and {Bakos}, G{\'a}sp{\'a}r {\'A}. and {Hartman}, Joel and {Schmitt}, Allan R.},
        title = "{The Detection and Characterization of a Nontransiting Planet by Transit Timing Variations}",
      journal = {Science},
     keywords = {ASTRONOMY, Astrophysics - Earth and Planetary Astrophysics},
         year = 2012,
        month = jun,
       volume = {336},
       number = {6085},
        pages = {1133},
          doi = {10.1126/science.1221141},
archivePrefix = {arXiv},
       eprint = {1208.0942},
 primaryClass = {astro-ph.EP},
       adsurl = {https://ui.adsabs.harvard.edu/abs/2012Sci...336.1133N},
      adsnote = {Provided by the SAO/NASA Astrophysics Data System}
}
@ARTICLE{QLPa,
       author = {{Huang}, Chelsea X. and {Vanderburg}, Andrew and {P{\'a}l}, Andras and {Sha}, Lizhou and {Yu}, Liang and {Fong}, Willie and {Fausnaugh}, Michael and {Shporer}, Avi and {Guerrero}, Natalia and {Vanderspek}, Roland and {Ricker}, George},
        title = "{Photometry of 10 Million Stars from the First Two Years of TESS Full Frame Images: Part I}",
      journal = {Research Notes of the American Astronomical Society},
     keywords = {Space observatories, Astronomy data analysis, 1543, 1858, Astrophysics - Earth and Planetary Astrophysics, Astrophysics - Instrumentation and Methods for Astrophysics, Astrophysics - Solar and Stellar Astrophysics},
         year = 2020,
        month = nov,
       volume = {4},
       number = {11},
          eid = {204},
        pages = {204},
          doi = {10.3847/2515-5172/abca2e},
archivePrefix = {arXiv},
       eprint = {2011.06459},
 primaryClass = {astro-ph.EP},
       adsurl = {https://ui.adsabs.harvard.edu/abs/2020RNAAS...4..204H},
      adsnote = {Provided by the SAO/NASA Astrophysics Data System}
}
@ARTICLE{QLPb,
       author = {{Huang}, Chelsea X. and {Vanderburg}, Andrew and {P{\'a}l}, Andras and {Sha}, Lizhou and {Yu}, Liang and {Fong}, Willie and {Fausnaugh}, Michael and {Shporer}, Avi and {Guerrero}, Natalia and {Vanderspek}, Roland and {Ricker}, George},
        title = "{Photometry of 10 Million Stars from the First Two Years of TESS Full Frame Images: Part II}",
      journal = {Research Notes of the American Astronomical Society},
     keywords = {Space telescopes, Transit photometry, Astronomy data analysis, 1547, 1709, 1858},
         year = 2020,
        month = nov,
       volume = {4},
       number = {11},
          eid = {206},
        pages = {206},
          doi = {10.3847/2515-5172/abca2d},
       adsurl = {https://ui.adsabs.harvard.edu/abs/2020RNAAS...4..206H},
      adsnote = {Provided by the SAO/NASA Astrophysics Data System}
}
@INPROCEEDINGS{SPOC,
       author = {{Jenkins}, Jon M. and {Twicken}, Joseph D. and {McCauliff}, Sean and {Campbell}, Jennifer and {Sanderfer}, Dwight and {Lung}, David and {Mansouri-Samani}, Masoud and {Girouard}, Forrest and {Tenenbaum}, Peter and {Klaus}, Todd and {Smith}, Jeffrey C. and {Caldwell}, Douglas A. and {Chacon}, A.~D. and {Henze}, Christopher and {Heiges}, Cory and {Latham}, David W. and {Morgan}, Edward and {Swade}, Daryl and {Rinehart}, Stephen and {Vanderspek}, Roland},
        title = "{The TESS science processing operations center}",
    booktitle = {Software and Cyberinfrastructure for Astronomy IV},
         year = 2016,
       editor = {{Chiozzi}, Gianluca and {Guzman}, Juan C.},
       series = {Society of Photo-Optical Instrumentation Engineers (SPIE) Conference Series},
       volume = {9913},
        month = aug,
          eid = {99133E},
        pages = {99133E},
          doi = {10.1117/12.2233418},
       adsurl = {https://ui.adsabs.harvard.edu/abs/2016SPIE.9913E..3EJ},
      adsnote = {Provided by the SAO/NASA Astrophysics Data System}
}
@article{sp_type,
doi = {10.1088/0067-0049/208/1/9},
url = {https://dx.doi.org/10.1088/0067-0049/208/1/9},
year = {2013},
month = {sep},
publisher = {The American Astronomical Society},
volume = {208},
number = {1},
pages = {9},
author = {Mark J. Pecaut and Eric E. Mamajek},
title = {INTRINSIC COLORS, TEMPERATURES, AND BOLOMETRIC CORRECTIONS OF PRE-MAIN-SEQUENCE STARS},
journal = {The Astrophysical Journal Supplement Series},
}
@article{2MASS,
doi = {10.1086/498708},
url = {https://dx.doi.org/10.1086/498708},
year = {2006},
month = {feb},
publisher = {},
volume = {131},
number = {2},
pages = {1163},
author = {M. F. Skrutskie and R. M. Cutri and R. Stiening and M. D. Weinberg and S. Schneider and J. M. Carpenter and C. Beichman and R. Capps and T. Chester and J. Elias and J. Huchra and J. Liebert and C. Lonsdale and D. G. Monet and S. Price and P. Seitzer and T. Jarrett and J. D. Kirkpatrick and J. E. Gizis and E. Howard and T. Evans and J. Fowler and L. Fullmer and R. Hurt and R. Light and E. L. Kopan and K. A. Marsh and H. L. McCallon and R. Tam and S. Van Dyk and S. Wheelock},
title = {The Two Micron All Sky Survey (2MASS)},
journal = {The Astronomical Journal},
}
@ARTICLE{gaia_a,
       author = {{Gaia Collaboration} and {Prusti}, T. and {de Bruijne}, J.~H.~J. and {Brown}, A.~G.~A. and {Vallenari}, A. and {Babusiaux}, C. and {Bailer-Jones}, C.~A.~L. and {Bastian}, U. and {Biermann}, M. and {Evans}, D.~W. and {Eyer}, L. and {Jansen}, F. and {Jordi}, C. and {Klioner}, S.~A. and {Lammers}, U. and {Lindegren}, L. and {Luri}, X. and {Mignard}, F. and {Milligan}, D.~J. and {Panem}, C. and {Poinsignon}, V. and {Pourbaix}, D. and {Randich}, S. and {Sarri}, G. and {Sartoretti}, P. and {Siddiqui}, H.~I. and {Soubiran}, C. and {Valette}, V. and {van Leeuwen}, F. and {Walton}, N.~A. and {Aerts}, C. and {Arenou}, F. and {Cropper}, M. and {Drimmel}, R. and {H{\o}g}, E. and {Katz}, D. and {Lattanzi}, M.~G. and {O'Mullane}, W. and {Grebel}, E.~K. and {Holland}, A.~D. and {Huc}, C. and {Passot}, X. and {Bramante}, L. and {Cacciari}, C. and {Casta{\~n}eda}, J. and {Chaoul}, L. and {Cheek}, N. and {De Angeli}, F. and {Fabricius}, C. and {Guerra}, R. and {Hern{\'a}ndez}, J. and {Jean-Antoine-Piccolo}, A. and {Masana}, E. and {Messineo}, R. and {Mowlavi}, N. and {Nienartowicz}, K. and {Ord{\'o}{\~n}ez-Blanco}, D. and {Panuzzo}, P. and {Portell}, J. and {Richards}, P.~J. and {Riello}, M. and {Seabroke}, G.~M. and {Tanga}, P. and {Th{\'e}venin}, F. and {Torra}, J. and {Els}, S.~G. and {Gracia-Abril}, G. and {Comoretto}, G. and {Garcia-Reinaldos}, M. and {Lock}, T. and {Mercier}, E. and {Altmann}, M. and {Andrae}, R. and {Astraatmadja}, T.~L. and {Bellas-Velidis}, I. and {Benson}, K. and {Berthier}, J. and {Blomme}, R. and {Busso}, G. and {Carry}, B. and {Cellino}, A. and {Clementini}, G. and {Cowell}, S. and {Creevey}, O. and {Cuypers}, J. and {Davidson}, M. and {De Ridder}, J. and {de Torres}, A. and {Delchambre}, L. and {Dell'Oro}, A. and {Ducourant}, C. and {Fr{\'e}mat}, Y. and {Garc{\'\i}a-Torres}, M. and {Gosset}, E. and {Halbwachs}, J. -L. and {Hambly}, N.~C. and {Harrison}, D.~L. and {Hauser}, M. and {Hestroffer}, D. and {Hodgkin}, S.~T. and {Huckle}, H.~E. and {Hutton}, A. and {Jasniewicz}, G. and {Jordan}, S. and {Kontizas}, M. and {Korn}, A.~J. and {Lanzafame}, A.~C. and {Manteiga}, M. and {Moitinho}, A. and {Muinonen}, K. and {Osinde}, J. and {Pancino}, E. and {Pauwels}, T. and {Petit}, J. -M. and {Recio-Blanco}, A. and {Robin}, A.~C. and {Sarro}, L.~M. and {Siopis}, C. and {Smith}, M. and {Smith}, K.~W. and {Sozzetti}, A. and {Thuillot}, W. and {van Reeven}, W. and {Viala}, Y. and {Abbas}, U. and {Abreu Aramburu}, A. and {Accart}, S. and {Aguado}, J.~J. and {Allan}, P.~M. and {Allasia}, W. and {Altavilla}, G. and {{\'A}lvarez}, M.~A. and {Alves}, J. and {Anderson}, R.~I. and {Andrei}, A.~H. and {Anglada Varela}, E. and {Antiche}, E. and {Antoja}, T. and {Ant{\'o}n}, S. and {Arcay}, B. and {Atzei}, A. and {Ayache}, L. and {Bach}, N. and {Baker}, S.~G. and {Balaguer-N{\'u}{\~n}ez}, L. and {Barache}, C. and {Barata}, C. and {Barbier}, A. and {Barblan}, F. and {Baroni}, M. and {Barrado y Navascu{\'e}s}, D. and {Barros}, M. and {Barstow}, M.~A. and {Becciani}, U. and {Bellazzini}, M. and {Bellei}, G. and {Bello Garc{\'\i}a}, A. and {Belokurov}, V. and {Bendjoya}, P. and {Berihuete}, A. and {Bianchi}, L. and {Bienaym{\'e}}, O. and {Billebaud}, F. and {Blagorodnova}, N. and {Blanco-Cuaresma}, S. and {Boch}, T. and {Bombrun}, A. and {Borrachero}, R. and {Bouquillon}, S. and {Bourda}, G. and {Bouy}, H. and {Bragaglia}, A. and {Breddels}, M.~A. and {Brouillet}, N. and {Br{\"u}semeister}, T. and {Bucciarelli}, B. and {Budnik}, F. and {Burgess}, P. and {Burgon}, R. and {Burlacu}, A. and {Busonero}, D. and {Buzzi}, R. and {Caffau}, E. and {Cambras}, J. and {Campbell}, H. and {Cancelliere}, R. and {Cantat-Gaudin}, T. and {Carlucci}, T. and {Carrasco}, J.~M. and {Castellani}, M. and {Charlot}, P. and {Charnas}, J. and {Charvet}, P. and {Chassat}, F. and {Chiavassa}, A. and {Clotet}, M. and {Cocozza}, G. and {Collins}, R.~S. and {Collins}, P. and {Costigan}, G. and {Crifo}, F. and {Cross}, N.~J.~G. and {Crosta}, M. and {Crowley}, C. and {Dafonte}, C. and {Damerdji}, Y. and {Dapergolas}, A. and {David}, P. and {David}, M. and {De Cat}, P. and {de Felice}, F. and {de Laverny}, P. and {De Luise}, F. and {De March}, R. and {de Martino}, D. and {de Souza}, R. and {Debosscher}, J. and {del Pozo}, E. and {Delbo}, M. and {Delgado}, A. and {Delgado}, H.~E. and {di Marco}, F. and {Di Matteo}, P. and {Diakite}, S. and {Distefano}, E. and {Dolding}, C. and {Dos Anjos}, S. and {Drazinos}, P. and {Dur{\'a}n}, J. and {Dzigan}, Y. and {Ecale}, E. and {Edvardsson}, B. and {Enke}, H. and {Erdmann}, M. and {Escolar}, D. and {Espina}, M. and {Evans}, N.~W. and {Eynard Bontemps}, G. and {Fabre}, C. and {Fabrizio}, M. and {Faigler}, S. and {Falc{\~a}o}, A.~J. and {Farr{\`a}s Casas}, M. and {Faye}, F. and {Federici}, L. and {Fedorets}, G. and {Fern{\'a}ndez-Hern{\'a}ndez}, J. and {Fernique}, P. and {Fienga}, A. and {Figueras}, F. and {Filippi}, F. and {Findeisen}, K. and {Fonti}, A. and {Fouesneau}, M. and {Fraile}, E. and {Fraser}, M. and {Fuchs}, J. and {Furnell}, R. and {Gai}, M. and {Galleti}, S. and {Galluccio}, L. and {Garabato}, D. and {Garc{\'\i}a-Sedano}, F. and {Gar{\'e}}, P. and {Garofalo}, A. and {Garralda}, N. and {Gavras}, P. and {Gerssen}, J. and {Geyer}, R. and {Gilmore}, G. and {Girona}, S. and {Giuffrida}, G. and {Gomes}, M. and {Gonz{\'a}lez-Marcos}, A. and {Gonz{\'a}lez-N{\'u}{\~n}ez}, J. and {Gonz{\'a}lez-Vidal}, J.~J. and {Granvik}, M. and {Guerrier}, A. and {Guillout}, P. and {Guiraud}, J. and {G{\'u}rpide}, A. and {Guti{\'e}rrez-S{\'a}nchez}, R. and {Guy}, L.~P. and {Haigron}, R. and {Hatzidimitriou}, D. and {Haywood}, M. and {Heiter}, U. and {Helmi}, A. and {Hobbs}, D. and {Hofmann}, W. and {Holl}, B. and {Holland}, G. and {Hunt}, J.~A.~S. and {Hypki}, A. and {Icardi}, V. and {Irwin}, M. and {Jevardat de Fombelle}, G. and {Jofr{\'e}}, P. and {Jonker}, P.~G. and {Jorissen}, A. and {Julbe}, F. and {Karampelas}, A. and {Kochoska}, A. and {Kohley}, R. and {Kolenberg}, K. and {Kontizas}, E. and {Koposov}, S.~E. and {Kordopatis}, G. and {Koubsky}, P. and {Kowalczyk}, A. and {Krone-Martins}, A. and {Kudryashova}, M. and {Kull}, I. and {Bachchan}, R.~K. and {Lacoste-Seris}, F. and {Lanza}, A.~F. and {Lavigne}, J. -B. and {Le Poncin-Lafitte}, C. and {Lebreton}, Y. and {Lebzelter}, T. and {Leccia}, S. and {Leclerc}, N. and {Lecoeur-Taibi}, I. and {Lemaitre}, V. and {Lenhardt}, H. and {Leroux}, F. and {Liao}, S. and {Licata}, E. and {Lindstr{\o}m}, H.~E.~P. and {Lister}, T.~A. and {Livanou}, E. and {Lobel}, A. and {L{\"o}ffler}, W. and {L{\'o}pez}, M. and {Lopez-Lozano}, A. and {Lorenz}, D. and {Loureiro}, T. and {MacDonald}, I. and {Magalh{\~a}es Fernandes}, T. and {Managau}, S. and {Mann}, R.~G. and {Mantelet}, G. and {Marchal}, O. and {Marchant}, J.~M. and {Marconi}, M. and {Marie}, J. and {Marinoni}, S. and {Marrese}, P.~M. and {Marschalk{\'o}}, G. and {Marshall}, D.~J. and {Mart{\'\i}n-Fleitas}, J.~M. and {Martino}, M. and {Mary}, N. and {Matijevi{\v{c}}}, G. and {Mazeh}, T. and {McMillan}, P.~J. and {Messina}, S. and {Mestre}, A. and {Michalik}, D. and {Millar}, N.~R. and {Miranda}, B.~M.~H. and {Molina}, D. and {Molinaro}, R. and {Molinaro}, M. and {Moln{\'a}r}, L. and {Moniez}, M. and {Montegriffo}, P. and {Monteiro}, D. and {Mor}, R. and {Mora}, A. and {Morbidelli}, R. and {Morel}, T. and {Morgenthaler}, S. and {Morley}, T. and {Morris}, D. and {Mulone}, A.~F. and {Muraveva}, T. and {Musella}, I. and {Narbonne}, J. and {Nelemans}, G. and {Nicastro}, L. and {Noval}, L. and {Ord{\'e}novic}, C. and {Ordieres-Mer{\'e}}, J. and {Osborne}, P. and {Pagani}, C. and {Pagano}, I. and {Pailler}, F. and {Palacin}, H. and {Palaversa}, L. and {Parsons}, P. and {Paulsen}, T. and {Pecoraro}, M. and {Pedrosa}, R. and {Pentik{\"a}inen}, H. and {Pereira}, J. and {Pichon}, B. and {Piersimoni}, A.~M. and {Pineau}, F. -X. and {Plachy}, E. and {Plum}, G. and {Poujoulet}, E. and {Pr{\v{s}}a}, A. and {Pulone}, L. and {Ragaini}, S. and {Rago}, S. and {Rambaux}, N. and {Ramos-Lerate}, M. and {Ranalli}, P. and {Rauw}, G. and {Read}, A. and {Regibo}, S. and {Renk}, F. and {Reyl{\'e}}, C. and {Ribeiro}, R.~A. and {Rimoldini}, L. and {Ripepi}, V. and {Riva}, A. and {Rixon}, G. and {Roelens}, M. and {Romero-G{\'o}mez}, M. and {Rowell}, N. and {Royer}, F. and {Rudolph}, A. and {Ruiz-Dern}, L. and {Sadowski}, G. and {Sagrist{\`a} Sell{\'e}s}, T. and {Sahlmann}, J. and {Salgado}, J. and {Salguero}, E. and {Sarasso}, M. and {Savietto}, H. and {Schnorhk}, A. and {Schultheis}, M. and {Sciacca}, E. and {Segol}, M. and {Segovia}, J.~C. and {Segransan}, D. and {Serpell}, E. and {Shih}, I. -C. and {Smareglia}, R. and {Smart}, R.~L. and {Smith}, C. and {Solano}, E. and {Solitro}, F. and {Sordo}, R. and {Soria Nieto}, S. and {Souchay}, J. and {Spagna}, A. and {Spoto}, F. and {Stampa}, U. and {Steele}, I.~A. and {Steidelm{\"u}ller}, H. and {Stephenson}, C.~A. and {Stoev}, H. and {Suess}, F.~F. and {S{\"u}veges}, M. and {Surdej}, J. and {Szabados}, L. and {Szegedi-Elek}, E. and {Tapiador}, D. and {Taris}, F. and {Tauran}, G. and {Taylor}, M.~B. and {Teixeira}, R. and {Terrett}, D. and {Tingley}, B. and {Trager}, S.~C. and {Turon}, C. and {Ulla}, A. and {Utrilla}, E. and {Valentini}, G. and {van Elteren}, A. and {Van Hemelryck}, E. and {van Leeuwen}, M. and {Varadi}, M. and {Vecchiato}, A. and {Veljanoski}, J. and {Via}, T. and {Vicente}, D. and {Vogt}, S. and {Voss}, H. and {Votruba}, V. and {Voutsinas}, S. and {Walmsley}, G. and {Weiler}, M. and {Weingrill}, K. and {Werner}, D. and {Wevers}, T. and {Whitehead}, G. and {Wyrzykowski}, {\L}. and {Yoldas}, A. and {{\v{Z}}erjal}, M. and {Zucker}, S. and {Zurbach}, C. and {Zwitter}, T. and {Alecu}, A. and {Allen}, M. and {Allende Prieto}, C. and {Amorim}, A. and {Anglada-Escud{\'e}}, G. and {Arsenijevic}, V. and {Azaz}, S. and {Balm}, P. and {Beck}, M. and {Bernstein}, H. -H. and {Bigot}, L. and {Bijaoui}, A. and {Blasco}, C. and {Bonfigli}, M. and {Bono}, G. and {Boudreault}, S. and {Bressan}, A. and {Brown}, S. and {Brunet}, P. -M. and {Bunclark}, P. and {Buonanno}, R. and {Butkevich}, A.~G. and {Carret}, C. and {Carrion}, C. and {Chemin}, L. and {Ch{\'e}reau}, F. and {Corcione}, L. and {Darmigny}, E. and {de Boer}, K.~S. and {de Teodoro}, P. and {de Zeeuw}, P.~T. and {Delle Luche}, C. and {Domingues}, C.~D. and {Dubath}, P. and {Fodor}, F. and {Fr{\'e}zouls}, B. and {Fries}, A. and {Fustes}, D. and {Fyfe}, D. and {Gallardo}, E. and {Gallegos}, J. and {Gardiol}, D. and {Gebran}, M. and {Gomboc}, A. and {G{\'o}mez}, A. and {Grux}, E. and {Gueguen}, A. and {Heyrovsky}, A. and {Hoar}, J. and {Iannicola}, G. and {Isasi Parache}, Y. and {Janotto}, A. -M. and {Joliet}, E. and {Jonckheere}, A. and {Keil}, R. and {Kim}, D. -W. and {Klagyivik}, P. and {Klar}, J. and {Knude}, J. and {Kochukhov}, O. and {Kolka}, I. and {Kos}, J. and {Kutka}, A. and {Lainey}, V. and {LeBouquin}, D. and {Liu}, C. and {Loreggia}, D. and {Makarov}, V.~V. and {Marseille}, M.~G. and {Martayan}, C. and {Martinez-Rubi}, O. and {Massart}, B. and {Meynadier}, F. and {Mignot}, S. and {Munari}, U. and {Nguyen}, A. -T. and {Nordlander}, T. and {Ocvirk}, P. and {O'Flaherty}, K.~S. and {Olias Sanz}, A. and {Ortiz}, P. and {Osorio}, J. and {Oszkiewicz}, D. and {Ouzounis}, A. and {Palmer}, M. and {Park}, P. and {Pasquato}, E. and {Peltzer}, C. and {Peralta}, J. and {P{\'e}turaud}, F. and {Pieniluoma}, T. and {Pigozzi}, E. and {Poels}, J. and {Prat}, G. and {Prod'homme}, T. and {Raison}, F. and {Rebordao}, J.~M. and {Risquez}, D. and {Rocca-Volmerange}, B. and {Rosen}, S. and {Ruiz-Fuertes}, M.~I. and {Russo}, F. and {Sembay}, S. and {Serraller Vizcaino}, I. and {Short}, A. and {Siebert}, A. and {Silva}, H. and {Sinachopoulos}, D. and {Slezak}, E. and {Soffel}, M. and {Sosnowska}, D. and {Strai{\v{z}}ys}, V. and {ter Linden}, M. and {Terrell}, D. and {Theil}, S. and {Tiede}, C. and {Troisi}, L. and {Tsalmantza}, P. and {Tur}, D. and {Vaccari}, M. and {Vachier}, F. and {Valles}, P. and {Van Hamme}, W. and {Veltz}, L. and {Virtanen}, J. and {Wallut}, J. -M. and {Wichmann}, R. and {Wilkinson}, M.~I. and {Ziaeepour}, H. and {Zschocke}, S.},
        title = "{The Gaia mission}",
      journal = {\aap},
     keywords = {space vehicles: instruments, Galaxy: structure, astrometry, parallaxes, proper motions, telescopes, Astrophysics - Instrumentation and Methods for Astrophysics},
         year = 2016,
        month = nov,
       volume = {595},
          eid = {A1},
        pages = {A1},
          doi = {10.1051/0004-6361/201629272},
archivePrefix = {arXiv},
       eprint = {1609.04153},
 primaryClass = {astro-ph.IM},
       adsurl = {https://ui.adsabs.harvard.edu/abs/2016A&A...595A...1G},
      adsnote = {Provided by the SAO/NASA Astrophysics Data System}
}
@ARTICLE{gaia_b,
       author = {{Gaia Collaboration} and {Vallenari}, A. and {Brown}, A.~G.~A. and {Prusti}, T. and {de Bruijne}, J.~H.~J. and {Arenou}, F. and {Babusiaux}, C. and {Biermann}, M. and {Creevey}, O.~L. and {Ducourant}, C. and {Evans}, D.~W. and {Eyer}, L. and {Guerra}, R. and {Hutton}, A. and {Jordi}, C. and {Klioner}, S.~A. and {Lammers}, U.~L. and {Lindegren}, L. and {Luri}, X. and {Mignard}, F. and {Panem}, C. and {Pourbaix}, D. and {Randich}, S. and {Sartoretti}, P. and {Soubiran}, C. and {Tanga}, P. and {Walton}, N.~A. and {Bailer-Jones}, C.~A.~L. and {Bastian}, U. and {Drimmel}, R. and {Jansen}, F. and {Katz}, D. and {Lattanzi}, M.~G. and {van Leeuwen}, F. and {Bakker}, J. and {Cacciari}, C. and {Casta{\~n}eda}, J. and {De Angeli}, F. and {Fabricius}, C. and {Fouesneau}, M. and {Fr{\'e}mat}, Y. and {Galluccio}, L. and {Guerrier}, A. and {Heiter}, U. and {Masana}, E. and {Messineo}, R. and {Mowlavi}, N. and {Nicolas}, C. and {Nienartowicz}, K. and {Pailler}, F. and {Panuzzo}, P. and {Riclet}, F. and {Roux}, W. and {Seabroke}, G.~M. and {Sordo}, R. and {Th{\'e}venin}, F. and {Gracia-Abril}, G. and {Portell}, J. and {Teyssier}, D. and {Altmann}, M. and {Andrae}, R. and {Audard}, M. and {Bellas-Velidis}, I. and {Benson}, K. and {Berthier}, J. and {Blomme}, R. and {Burgess}, P.~W. and {Busonero}, D. and {Busso}, G. and {C{\'a}novas}, H. and {Carry}, B. and {Cellino}, A. and {Cheek}, N. and {Clementini}, G. and {Damerdji}, Y. and {Davidson}, M. and {de Teodoro}, P. and {Nu{\~n}ez Campos}, M. and {Delchambre}, L. and {Dell'Oro}, A. and {Esquej}, P. and {Fern{\'a}ndez-Hern{\'a}ndez}, J. and {Fraile}, E. and {Garabato}, D. and {Garc{\'\i}a-Lario}, P. and {Gosset}, E. and {Haigron}, R. and {Halbwachs}, J. -L. and {Hambly}, N.~C. and {Harrison}, D.~L. and {Hern{\'a}ndez}, J. and {Hestroffer}, D. and {Hodgkin}, S.~T. and {Holl}, B. and {Jan{\ss}en}, K. and {Jevardat de Fombelle}, G. and {Jordan}, S. and {Krone-Martins}, A. and {Lanzafame}, A.~C. and {L{\"o}ffler}, W. and {Marchal}, O. and {Marrese}, P.~M. and {Moitinho}, A. and {Muinonen}, K. and {Osborne}, P. and {Pancino}, E. and {Pauwels}, T. and {Recio-Blanco}, A. and {Reyl{\'e}}, C. and {Riello}, M. and {Rimoldini}, L. and {Roegiers}, T. and {Rybizki}, J. and {Sarro}, L.~M. and {Siopis}, C. and {Smith}, M. and {Sozzetti}, A. and {Utrilla}, E. and {van Leeuwen}, M. and {Abbas}, U. and {{\'A}brah{\'a}m}, P. and {Abreu Aramburu}, A. and {Aerts}, C. and {Aguado}, J.~J. and {Ajaj}, M. and {Aldea-Montero}, F. and {Altavilla}, G. and {{\'A}lvarez}, M.~A. and {Alves}, J. and {Anders}, F. and {Anderson}, R.~I. and {Anglada Varela}, E. and {Antoja}, T. and {Baines}, D. and {Baker}, S.~G. and {Balaguer-N{\'u}{\~n}ez}, L. and {Balbinot}, E. and {Balog}, Z. and {Barache}, C. and {Barbato}, D. and {Barros}, M. and {Barstow}, M.~A. and {Bartolom{\'e}}, S. and {Bassilana}, J. -L. and {Bauchet}, N. and {Becciani}, U. and {Bellazzini}, M. and {Berihuete}, A. and {Bernet}, M. and {Bertone}, S. and {Bianchi}, L. and {Binnenfeld}, A. and {Blanco-Cuaresma}, S. and {Blazere}, A. and {Boch}, T. and {Bombrun}, A. and {Bossini}, D. and {Bouquillon}, S. and {Bragaglia}, A. and {Bramante}, L. and {Breedt}, E. and {Bressan}, A. and {Brouillet}, N. and {Brugaletta}, E. and {Bucciarelli}, B. and {Burlacu}, A. and {Butkevich}, A.~G. and {Buzzi}, R. and {Caffau}, E. and {Cancelliere}, R. and {Cantat-Gaudin}, T. and {Carballo}, R. and {Carlucci}, T. and {Carnerero}, M.~I. and {Carrasco}, J.~M. and {Casamiquela}, L. and {Castellani}, M. and {Castro-Ginard}, A. and {Chaoul}, L. and {Charlot}, P. and {Chemin}, L. and {Chiaramida}, V. and {Chiavassa}, A. and {Chornay}, N. and {Comoretto}, G. and {Contursi}, G. and {Cooper}, W.~J. and {Cornez}, T. and {Cowell}, S. and {Crifo}, F. and {Cropper}, M. and {Crosta}, M. and {Crowley}, C. and {Dafonte}, C. and {Dapergolas}, A. and {David}, M. and {David}, P. and {de Laverny}, P. and {De Luise}, F. and {De March}, R. and {De Ridder}, J. and {de Souza}, R. and {de Torres}, A. and {del Peloso}, E.~F. and {del Pozo}, E. and {Delbo}, M. and {Delgado}, A. and {Delisle}, J. -B. and {Demouchy}, C. and {Dharmawardena}, T.~E. and {Di Matteo}, P. and {Diakite}, S. and {Diener}, C. and {Distefano}, E. and {Dolding}, C. and {Edvardsson}, B. and {Enke}, H. and {Fabre}, C. and {Fabrizio}, M. and {Faigler}, S. and {Fedorets}, G. and {Fernique}, P. and {Fienga}, A. and {Figueras}, F. and {Fournier}, Y. and {Fouron}, C. and {Fragkoudi}, F. and {Gai}, M. and {Garcia-Gutierrez}, A. and {Garcia-Reinaldos}, M. and {Garc{\'\i}a-Torres}, M. and {Garofalo}, A. and {Gavel}, A. and {Gavras}, P. and {Gerlach}, E. and {Geyer}, R. and {Giacobbe}, P. and {Gilmore}, G. and {Girona}, S. and {Giuffrida}, G. and {Gomel}, R. and {Gomez}, A. and {Gonz{\'a}lez-N{\'u}{\~n}ez}, J. and {Gonz{\'a}lez-Santamar{\'\i}a}, I. and {Gonz{\'a}lez-Vidal}, J.~J. and {Granvik}, M. and {Guillout}, P. and {Guiraud}, J. and {Guti{\'e}rrez-S{\'a}nchez}, R. and {Guy}, L.~P. and {Hatzidimitriou}, D. and {Hauser}, M. and {Haywood}, M. and {Helmer}, A. and {Helmi}, A. and {Sarmiento}, M.~H. and {Hidalgo}, S.~L. and {Hilger}, T. and {H{\l}adczuk}, N. and {Hobbs}, D. and {Holland}, G. and {Huckle}, H.~E. and {Jardine}, K. and {Jasniewicz}, G. and {Jean-Antoine Piccolo}, A. and {Jim{\'e}nez-Arranz}, {\'O}. and {Jorissen}, A. and {Juaristi Campillo}, J. and {Julbe}, F. and {Karbevska}, L. and {Kervella}, P. and {Khanna}, S. and {Kontizas}, M. and {Kordopatis}, G. and {Korn}, A.~J. and {K{\'o}sp{\'a}l}, {\'A}. and {Kostrzewa-Rutkowska}, Z. and {Kruszy{\'n}ska}, K. and {Kun}, M. and {Laizeau}, P. and {Lambert}, S. and {Lanza}, A.~F. and {Lasne}, Y. and {Le Campion}, J. -F. and {Lebreton}, Y. and {Lebzelter}, T. and {Leccia}, S. and {Leclerc}, N. and {Lecoeur-Taibi}, I. and {Liao}, S. and {Licata}, E.~L. and {Lindstr{\o}m}, H.~E.~P. and {Lister}, T.~A. and {Livanou}, E. and {Lobel}, A. and {Lorca}, A. and {Loup}, C. and {Madrero Pardo}, P. and {Magdaleno Romeo}, A. and {Managau}, S. and {Mann}, R.~G. and {Manteiga}, M. and {Marchant}, J.~M. and {Marconi}, M. and {Marcos}, J. and {Marcos Santos}, M.~M.~S. and {Mar{\'\i}n Pina}, D. and {Marinoni}, S. and {Marocco}, F. and {Marshall}, D.~J. and {Martin Polo}, L. and {Mart{\'\i}n-Fleitas}, J.~M. and {Marton}, G. and {Mary}, N. and {Masip}, A. and {Massari}, D. and {Mastrobuono-Battisti}, A. and {Mazeh}, T. and {McMillan}, P.~J. and {Messina}, S. and {Michalik}, D. and {Millar}, N.~R. and {Mints}, A. and {Molina}, D. and {Molinaro}, R. and {Moln{\'a}r}, L. and {Monari}, G. and {Mongui{\'o}}, M. and {Montegriffo}, P. and {Montero}, A. and {Mor}, R. and {Mora}, A. and {Morbidelli}, R. and {Morel}, T. and {Morris}, D. and {Muraveva}, T. and {Murphy}, C.~P. and {Musella}, I. and {Nagy}, Z. and {Noval}, L. and {Oca{\~n}a}, F. and {Ogden}, A. and {Ordenovic}, C. and {Osinde}, J.~O. and {Pagani}, C. and {Pagano}, I. and {Palaversa}, L. and {Palicio}, P.~A. and {Pallas-Quintela}, L. and {Panahi}, A. and {Payne-Wardenaar}, S. and {Pe{\~n}alosa Esteller}, X. and {Penttil{\"a}}, A. and {Pichon}, B. and {Piersimoni}, A.~M. and {Pineau}, F. -X. and {Plachy}, E. and {Plum}, G. and {Poggio}, E. and {Pr{\v{s}}a}, A. and {Pulone}, L. and {Racero}, E. and {Ragaini}, S. and {Rainer}, M. and {Raiteri}, C.~M. and {Rambaux}, N. and {Ramos}, P. and {Ramos-Lerate}, M. and {Re Fiorentin}, P. and {Regibo}, S. and {Richards}, P.~J. and {Rios Diaz}, C. and {Ripepi}, V. and {Riva}, A. and {Rix}, H. -W. and {Rixon}, G. and {Robichon}, N. and {Robin}, A.~C. and {Robin}, C. and {Roelens}, M. and {Rogues}, H.~R.~O. and {Rohrbasser}, L. and {Romero-G{\'o}mez}, M. and {Rowell}, N. and {Royer}, F. and {Ruz Mieres}, D. and {Rybicki}, K.~A. and {Sadowski}, G. and {S{\'a}ez N{\'u}{\~n}ez}, A. and {Sagrist{\`a} Sell{\'e}s}, A. and {Sahlmann}, J. and {Salguero}, E. and {Samaras}, N. and {Sanchez Gimenez}, V. and {Sanna}, N. and {Santove{\~n}a}, R. and {Sarasso}, M. and {Schultheis}, M. and {Sciacca}, E. and {Segol}, M. and {Segovia}, J.~C. and {S{\'e}gransan}, D. and {Semeux}, D. and {Shahaf}, S. and {Siddiqui}, H.~I. and {Siebert}, A. and {Siltala}, L. and {Silvelo}, A. and {Slezak}, E. and {Slezak}, I. and {Smart}, R.~L. and {Snaith}, O.~N. and {Solano}, E. and {Solitro}, F. and {Souami}, D. and {Souchay}, J. and {Spagna}, A. and {Spina}, L. and {Spoto}, F. and {Steele}, I.~A. and {Steidelm{\"u}ller}, H. and {Stephenson}, C.~A. and {S{\"u}veges}, M. and {Surdej}, J. and {Szabados}, L. and {Szegedi-Elek}, E. and {Taris}, F. and {Taylor}, M.~B. and {Teixeira}, R. and {Tolomei}, L. and {Tonello}, N. and {Torra}, F. and {Torra}, J. and {Torralba Elipe}, G. and {Trabucchi}, M. and {Tsounis}, A.~T. and {Turon}, C. and {Ulla}, A. and {Unger}, N. and {Vaillant}, M.~V. and {van Dillen}, E. and {van Reeven}, W. and {Vanel}, O. and {Vecchiato}, A. and {Viala}, Y. and {Vicente}, D. and {Voutsinas}, S. and {Weiler}, M. and {Wevers}, T. and {Wyrzykowski}, {\L}. and {Yoldas}, A. and {Yvard}, P. and {Zhao}, H. and {Zorec}, J. and {Zucker}, S. and {Zwitter}, T.},
        title = "{Gaia Data Release 3. Summary of the content and survey properties}",
      journal = {\aap},
     keywords = {techniques: photometric, techniques: spectroscopic, techniques: radial velocities, catalogs, astrometry, parallaxes, Astrophysics - Astrophysics of Galaxies},
         year = 2023,
        month = jun,
       volume = {674},
          eid = {A1},
        pages = {A1},
          doi = {10.1051/0004-6361/202243940},
archivePrefix = {arXiv},
       eprint = {2208.00211},
 primaryClass = {astro-ph.GA},
       adsurl = {https://ui.adsabs.harvard.edu/abs/2023A&A...674A...1G},
      adsnote = {Provided by the SAO/NASA Astrophysics Data System}
}
@ARTICLE{tic_1,
       author = {{Stassun}, Keivan G. and {Oelkers}, Ryan J. and {Paegert}, Martin and {Torres}, Guillermo and {Pepper}, Joshua and {De Lee}, Nathan and {Collins}, Kevin and {Latham}, David W. and {Muirhead}, Philip S. and {Chittidi}, Jay and {Rojas-Ayala}, B{\'a}rbara and {Fleming}, Scott W. and {Rose}, Mark E. and {Tenenbaum}, Peter and {Ting}, Eric B. and {Kane}, Stephen R. and {Barclay}, Thomas and {Bean}, Jacob L. and {Brassuer}, C.~E. and {Charbonneau}, David and {Ge}, Jian and {Lissauer}, Jack J. and {Mann}, Andrew W. and {McLean}, Brian and {Mullally}, Susan and {Narita}, Norio and {Plavchan}, Peter and {Ricker}, George R. and {Sasselov}, Dimitar and {Seager}, S. and {Sharma}, Sanjib and {Shiao}, Bernie and {Sozzetti}, Alessandro and {Stello}, Dennis and {Vanderspek}, Roland and {Wallace}, Geoff and {Winn}, Joshua N.},
        title = "{The Revised TESS Input Catalog and Candidate Target List}",
      journal = {\aj},
     keywords = {stars: fundamental parameters, Astrophysics - Solar and Stellar Astrophysics, Astrophysics - Earth and Planetary Astrophysics},
         year = 2019,
        month = oct,
       volume = {158},
       number = {4},
          eid = {138},
        pages = {138},
          doi = {10.3847/1538-3881/ab3467},
archivePrefix = {arXiv},
       eprint = {1905.10694},
 primaryClass = {astro-ph.SR},
       adsurl = {https://ui.adsabs.harvard.edu/abs/2019AJ....158..138S},
      adsnote = {Provided by the SAO/NASA Astrophysics Data System}
}
@ARTICLE{tic_2,
       author = {{Paegert}, Martin and {Stassun}, Keivan G. and {Collins}, Karen A. and {Pepper}, Joshua and {Torres}, Guillermo and {Jenkins}, Jon and {Twicken}, Joseph D. and {Latham}, David W.},
        title = "{TESS Input Catalog versions 8.1 and 8.2: Phantoms in the 8.0 Catalog and How to Handle Them}",
      journal = {arXiv e-prints},
     keywords = {Astrophysics - Earth and Planetary Astrophysics, Astrophysics - Instrumentation and Methods for Astrophysics},
         year = 2021,
        month = aug,
          eid = {arXiv:2108.04778},
        pages = {arXiv:2108.04778},
          doi = {10.48550/arXiv.2108.04778},
archivePrefix = {arXiv},
       eprint = {2108.04778},
 primaryClass = {astro-ph.EP},
       adsurl = {https://ui.adsabs.harvard.edu/abs/2021arXiv210804778P},
      adsnote = {Provided by the SAO/NASA Astrophysics Data System}
}
@article{wine1,
doi = {10.3847/1538-3881/ab279a},
url = {https://dx.doi.org/10.3847/1538-3881/ab279a},
year = {2019},
month = {jul},
publisher = {The American Astronomical Society},
volume = {158},
number = {1},
pages = {45},
author = {Rafael Brahm and Néstor Espinoza and Andrés Jordán and Thomas Henning and Paula Sarkis and Matías I. Jones and Matías R. Díaz and James S. Jenkins and Leonardo Vanzi and Abner Zapata and Cristobal Petrovich and Diana Kossakowski and Markus Rabus and Felipe Rojas and Pascal Torres},
title = {HD 1397b: A Transiting Warm Giant Planet Orbiting A V = 7.8 mag Subgiant Star Discovered by TESS},
journal = {The Astronomical Journal},
}
@article{wine2,
doi = {10.3847/1538-3881/ab6f67},
url = {https://dx.doi.org/10.3847/1538-3881/ab6f67},
year = {2020},
month = {mar},
publisher = {The American Astronomical Society},
volume = {159},
number = {4},
pages = {145},
author = {Andrés Jordán and Rafael Brahm and Néstor Espinoza and Thomas Henning and Matías I. Jones and Diana Kossakowski and Paula Sarkis and Trifon Trifonov and Felipe Rojas and Pascal Torres and Holger Drass and Sangeetha Nandakumar and Mauro Barbieri and Allen Davis and Songhu Wang and Daniel Bayliss and Luke Bouma and Diana Dragomir and Jason D. Eastman and Tansu Daylan and Natalia Guerrero and Thomas Barclay and Eric B. Ting and Christopher E. Henze and George Ricker and Roland Vanderspek and David W. Latham and Sara Seager and Joshua Winn and Jon M. Jenkins and Robert A. Wittenmyer and Brendan P. Bowler and Ian Crossfield and Jonathan Horner and Stephen R. Kane and John F. Kielkopf and Timothy D. Morton and Peter Plavchan and C. G. Tinney and Brett Addison and Matthew W. Mengel and Jack Okumura and Sahar Shahaf and Tsevi Mazeh and Markus Rabus and Avi Shporer and Carl Ziegler and Andrew W. Mann and Rhodes Hart},
title = {TOI-677b: A Warm Jupiter (P = 11.2 days) on an Eccentric Orbit Transiting a Late F-type Star},
journal = {The Astronomical Journal},
}
@article{wine3,
doi = {10.3847/1538-3881/abbe03},
url = {https://dx.doi.org/10.3847/1538-3881/abbe03},
year = {2020},
month = {nov},
publisher = {The American Astronomical Society},
volume = {160},
number = {6},
pages = {275},
author = {Martin Schlecker and Diana Kossakowski and Rafael Brahm and Néstor Espinoza and Thomas Henning and Ludmila Carone and Karan Molaverdikhani and Trifon Trifonov and Paul Mollière and Melissa J. Hobson and Andrés Jordán and Felipe I. Rojas and Hubert Klahr and Paula Sarkis and Gáspár Á. Bakos and Waqas Bhatti and David Osip and Vincent Suc and George Ricker and Roland Vanderspek and David W. Latham and Sara Seager and Joshua N. Winn and Jon M. Jenkins and Michael Vezie and Jesus Noel Villaseñor and Mark E. Rose and David R. Rodriguez and Joseph E. Rodriguez and Samuel N. Quinn and Avi Shporer},
title = {A Highly Eccentric Warm Jupiter Orbiting TIC 237913194},
journal = {The Astronomical Journal},
}
@article{wine4,
doi = {10.3847/1538-3881/abeaa1},
url = {https://dx.doi.org/10.3847/1538-3881/abeaa1},
year = {2021},
month = {apr},
publisher = {The American Astronomical Society},
volume = {161},
number = {5},
pages = {235},
author = {Melissa J. Hobson and Rafael Brahm and Andrés Jordán and Nestor Espinoza and Diana Kossakowski and Thomas Henning and Felipe Rojas and Martin Schlecker and Paula Sarkis and Trifon Trifonov and Daniel Thorngren and Avraham Binnenfeld and Sahar Shahaf and Shay Zucker and George R. Ricker and David W. Latham and S. Seager and Joshua N. Winn and Jon M. Jenkins and Brett Addison and François Bouchy and Brendan P. Bowler and Joshua T. Briegal and Edward M. Bryant and Karen A. Collins and Tansu Daylan and Nolan Grieves and Jonathan Horner and Chelsea Huang and Stephen R. Kane and John Kielkopf and Brian McLean and Matthew W. Mengel and Louise D. Nielsen and Jack Okumura and Matias Jones and Peter Plavchan and Avi Shporer and Alexis M. S. Smith and Rosanna Tilbrook and C. G. Tinney and Joseph D. Twicken and Stéphane Udry and Nicolas Unger and Richard West and Robert A. Wittenmyer and Bill Wohler and Pascal Torres and Duncan J. Wright},
title = {A Transiting Warm Giant Planet around the Young Active Star TOI-201},
journal = {The Astronomical Journal},
}
@article{wine5,
doi = {10.3847/1538-3881/ac1bbe},
url = {https://dx.doi.org/10.3847/1538-3881/ac1bbe},
year = {2021},
month = {dec},
publisher = {The American Astronomical Society},
volume = {162},
number = {6},
pages = {283},
author = {Trifon Trifonov and Rafael Brahm and Nestor Espinoza and Thomas Henning and Andrés Jordán and David Nesvorny and Rebekah I. Dawson and Jack J. Lissauer and Man Hoi Lee and Diana Kossakowski and Felipe I. Rojas and Melissa J. Hobson and Paula Sarkis and Martin Schlecker and Bertram Bitsch and Gaspar Á. Bakos and Mauro Barbieri and W. Bhatti and R. Paul Butler and Jeffrey D. Crane and Sangeetha Nandakumar and Matías R. Díaz and Stephen Shectman and Johanna Teske and Pascal Torres and Vincent Suc and Jose I. Vines and Sharon X. Wang and George R. Ricker and Avi Shporer and Andrew Vanderburg and Diana Dragomir and Roland Vanderspek and Christopher J. Burke and Tansu Daylan and Bernie Shiao and Jon M. Jenkins and Bill Wohler and Sara Seager and Joshua N. Winn},
title = {A Pair of Warm Giant Planets near the 2:1 Mean Motion Resonance around the K-dwarf Star TOI-2202*},
journal = {The Astronomical Journal},
}
@INPROCEEDINGS{TTV1,
       author = {{Dobrovolskis}, A.~R. and {Borucki}, W.~J.},
        title = "{Influence of Jovian extrasolar planets on transits of inner planets.}",
     keywords = {Planetary Systems: Formation, Planetary Systems: Pulsars},
    booktitle = {Bulletin of the American Astronomical Society},
         year = 1996,
       volume = {28},
        month = jan,
        pages = {1112},
       adsurl = {https://ui.adsabs.harvard.edu/abs/1996BAAS...28.1112D},
      adsnote = {Provided by the SAO/NASA Astrophysics Data System}
}
@ARTICLE{TTV2,
       author = {{Miralda-Escud{\'e}}, Jordi},
        title = "{Orbital Perturbations of Transiting Planets: A Possible Method to Measure Stellar Quadrupoles and to Detect Earth-Mass Planets}",
      journal = {\apj},
     keywords = {Stars: Planetary Systems, Stars: Rotation, Astrophysics},
         year = 2002,
        month = jan,
       volume = {564},
       number = {2},
        pages = {1019-1023},
          doi = {10.1086/324279},
archivePrefix = {arXiv},
       eprint = {astro-ph/0104034},
 primaryClass = {astro-ph},
       adsurl = {https://ui.adsabs.harvard.edu/abs/2002ApJ...564.1019M},
      adsnote = {Provided by the SAO/NASA Astrophysics Data System}
}
@software{tesscut,
       author = {{Brasseur}, C.~E. and {Phillip}, Carlita and {Fleming}, Scott W. and {Mullally}, S.~E. and {White}, Richard L.},
        title = "{Astrocut: Tools for creating cutouts of TESS images}",
 howpublished = {Astrophysics Source Code Library, record ascl:1905.007},
         year = 2019,
        month = may,
          eid = {ascl:1905.007},
       adsurl = {https://ui.adsabs.harvard.edu/abs/2019ascl.soft05007B},
      adsnote = {Provided by the SAO/NASA Astrophysics Data System}
}

@ARTICLE{cardelli:1989,
       author = {{Cardelli}, Jason A. and {Clayton}, Geoffrey C. and {Mathis}, John S.},
        title = "{The Relationship between Infrared, Optical, and Ultraviolet Extinction}",
      journal = {\apj},
     keywords = {Infrared Spectra, Interstellar Extinction, Ultraviolet Spectra, Visible Spectrum, Computational Astrophysics, Interstellar Matter, Iue, Astrophysics, INTERSTELLAR: MATTER, ULTRAVIOLET: SPECTRA},
         year = 1989,
        month = oct,
       volume = {345},
        pages = {245},
          doi = {10.1086/167900},
       adsurl = {https://ui.adsabs.harvard.edu/abs/1989ApJ...345..245C},
      adsnote = {Provided by the SAO/NASA Astrophysics Data System}
}


 @ARTICLE{Lee2004,
   author = {{Lee}, M.~H.},
    title = "{Diversity and Origin of 2:1 Orbital Resonances in Extrasolar Planetary Systems}",
  journal = {\apj},
 keywords = {Celestial Mechanics, Stars: Planetary Systems, Planets and Satellites: General},
     year = 2004,
    month = aug,
   volume = 611,
    pages = {517-527},
      doi = {10.1086/422166},
   adsurl = {http://adsabs.harvard.edu/abs/2004ApJ...611..517L},
  adsnote = {Provided by the SAO/NASA Astrophysics Data System}
}


@ARTICLE{Laskar2017,
       author = {{Laskar}, J. and {Petit}, A.~C.},
        title = "{AMD-stability and the classification of planetary systems}",
      journal = {\aap},
     keywords = {chaos, celestial mechanics, planets and satellites: dynamical evolution and stability, planets and satellites: formation, planets and satellites: general, Astrophysics - Earth and Planetary Astrophysics},
         year = 2017,
        month = sep,
       volume = {605},
          eid = {A72},
        pages = {A72},
          doi = {10.1051/0004-6361/201630022},
archivePrefix = {arXiv},
       eprint = {1703.07125},
 primaryClass = {astro-ph.EP},
       adsurl = {https://ui.adsabs.harvard.edu/abs/2017A&A...605A..72L},
      adsnote = {Provided by the SAO/NASA Astrophysics Data System}
}


 

@ARTICLE{Gladman1993,
       author = {{Gladman}, Brett},
        title = "{Dynamics of Systems of Two Close Planets}",
      journal = {\icarus},
     keywords = {Protoplanets, Planetary Evolution, Planetary Mass, Eccentric Orbits, Chaos, Embryos, Solar System, Pulsars, Astrophysics},
         year = 1993,
        month = nov,
       volume = {106},
       number = {1},
        pages = {247-263},
          doi = {10.1006/icar.1993.1169},
       adsurl = {https://ui.adsabs.harvard.edu/abs/1993Icar..106..247G},
      adsnote = {Provided by the SAO/NASA Astrophysics Data System}
}



@ARTICLE{Trifonov2023,
       author = {{Trifonov}, Trifon and {Brahm}, Rafael and {Jord{\'a}n}, Andr{\'e}s and {Hartogh}, Christian and {Henning}, Thomas and {Hobson}, Melissa J. and {Schlecker}, Martin and {Howard}, Saburo and {Reichardt}, Finja and {Espinoza}, Nestor and {Lee}, Man Hoi and {Nesvorny}, David and {Rojas}, Felipe I. and {Barkaoui}, Khalid and {Kossakowski}, Diana and {Boyle}, Gavin and {Dreizler}, Stefan and {K{\"u}rster}, Martin and {Heller}, Ren{\'e} and {Guillot}, Tristan and {Triaud}, Amaury H.~M.~J. and {Abe}, Lyu and {Agabi}, Abdelkrim and {Bendjoya}, Philippe and {Crouzet}, Nicolas and {Dransfield}, Georgina and {Gasparetto}, Thomas and {G{\"u}nther}, Maximilian N. and {Marie-Sainte}, Wenceslas and {M{\'e}karnia}, Djamel and {Suarez}, Olga and {Teske}, Johanna and {Butler}, R. Paul and {Crane}, Jeffrey D. and {Shectman}, Stephen and {Ricker}, George R. and {Shporer}, Avi and {Vanderspek}, Roland and {Jenkins}, Jon M. and {Wohler}, Bill and {Collins}, Karen A. and {Collins}, Kevin I. and {Ciardi}, David R. and {Barclay}, Thomas and {Mireles}, Ismael and {Seager}, Sara and {Winn}, Joshua N.},
        title = "{TOI-2525 b and c: A Pair of Massive Warm Giant Planets with Strong Transit Timing Variations Revealed by TESS}",
      journal = {\aj},
     keywords = {Exoplanet astronomy, Exoplanets, Exoplanet systems, 486, 498, 484, Astrophysics - Earth and Planetary Astrophysics},
         year = 2023,
        month = apr,
       volume = {165},
       number = {4},
          eid = {179},
        pages = {179},
          doi = {10.3847/1538-3881/acba9b},
archivePrefix = {arXiv},
       eprint = {2302.05694},
 primaryClass = {astro-ph.EP},
       adsurl = {https://ui.adsabs.harvard.edu/abs/2023AJ....165..179T},
      adsnote = {Provided by the SAO/NASA Astrophysics Data System}
}



@ARTICLE{Kley2012,
       author = {{Kley}, W. and {Nelson}, R.~P.},
        title = "{Planet-Disk Interaction and Orbital Evolution}",
      journal = {\araa},
     keywords = {Astrophysics - Earth and Planetary Astrophysics},
         year = "2012",
        month = "Sep",
       volume = {50},
        pages = {211-249},
          doi = {10.1146/annurev-astro-081811-125523},
archivePrefix = {arXiv},
       eprint = {1203.1184},
 primaryClass = {astro-ph.EP},
       adsurl = {https://ui.adsabs.harvard.edu/abs/2012ARA&A..50..211K},
      adsnote = {Provided by the SAO/NASA Astrophysics Data System}
}


 @ARTICLE{Lee2002,
   author = {{Lee}, M.~H. and {Peale}, S.~J.},
    title = "{Dynamics and Origin of the 2:1 Orbital Resonances of the GJ 876 Planets}",
  journal = {\apj},
 keywords = {Celestial Mechanics, Stars: Planetary Systems, Planets and Satellites: General},
     year = 2002,
    month = mar,
   volume = 567,
    pages = {596-609},
      doi = {10.1086/338504},
   adsurl = {http://adsabs.harvard.edu/abs/2002ApJ...567..596L},
  adsnote = {Provided by the SAO/NASA Astrophysics Data System}
}




@software{lightkurve,
       author = {{Lightkurve Collaboration} and {Cardoso}, Jos{\'e} Vin{\'\i}cius de Miranda and {Hedges}, Christina and {Gully-Santiago}, Michael and {Saunders}, Nicholas and {Cody}, Ann Marie and {Barclay}, Thomas and {Hall}, Oliver and {Sagear}, Sheila and {Turtelboom}, Emma and {Zhang}, Johnny and {Tzanidakis}, Andy and {Mighell}, Ken and {Coughlin}, Jeff and {Bell}, Keaton and {Berta-Thompson}, Zach and {Williams}, Peter and {Dotson}, Jessie and {Barentsen}, Geert},
        title = "{Lightkurve: Kepler and TESS time series analysis in Python}",
 howpublished = {Astrophysics Source Code Library, record ascl:1812.013},
         year = 2018,
        month = dec,
          eid = {ascl:1812.013},
       adsurl = {https://ui.adsabs.harvard.edu/abs/2018ascl.soft12013L},
      adsnote = {Provided by the SAO/NASA Astrophysics Data System}
}
@ARTICLE{pdcsap1,
       author = {{Stumpe}, Martin C. and {Smith}, Jeffrey C. and {Van Cleve}, Jeffrey E. and {Twicken}, Joseph D. and {Barclay}, Thomas S. and {Fanelli}, Michael N. and {Girouard}, Forrest R. and {Jenkins}, Jon M. and {Kolodziejczak}, Jeffery J. and {McCauliff}, Sean D. and {Morris}, Robert L.},
        title = "{Kepler Presearch Data Conditioning I{\textemdash}Architecture and Algorithms for Error Correction in Kepler Light Curves}",
      journal = {\pasp},
     keywords = {Astrophysics - Instrumentation and Methods for Astrophysics, Statistics - Applications},
         year = 2012,
        month = sep,
       volume = {124},
       number = {919},
        pages = {985},
          doi = {10.1086/667698},
archivePrefix = {arXiv},
       eprint = {1203.1382},
 primaryClass = {astro-ph.IM},
       adsurl = {https://ui.adsabs.harvard.edu/abs/2012PASP..124..985S},
      adsnote = {Provided by the SAO/NASA Astrophysics Data System}
}
@ARTICLE{pdcsap2,
       author = {{Stumpe}, Martin C. and {Smith}, Jeffrey C. and {Catanzarite}, Joseph H. and {Van Cleve}, Jeffrey E. and {Jenkins}, Jon M. and {Twicken}, Joseph D. and {Girouard}, Forrest R.},
        title = "{Multiscale Systematic Error Correction via Wavelet-Based Bandsplitting in Kepler Data}",
      journal = {\pasp},
         year = 2014,
        month = jan,
       volume = {126},
       number = {935},
        pages = {100},
          doi = {10.1086/674989},
       adsurl = {https://ui.adsabs.harvard.edu/abs/2014PASP..126..100S},
      adsnote = {Provided by the SAO/NASA Astrophysics Data System}
}
@ARTICLE{pdcsap3,
       author = {{Smith}, Jeffrey C. and {Stumpe}, Martin C. and {Van Cleve}, Jeffrey E. and {Jenkins}, Jon M. and {Barclay}, Thomas S. and {Fanelli}, Michael N. and {Girouard}, Forrest R. and {Kolodziejczak}, Jeffery J. and {McCauliff}, Sean D. and {Morris}, Robert L. and {Twicken}, Joseph D.},
        title = "{Kepler Presearch Data Conditioning II - A Bayesian Approach to Systematic Error Correction}",
      journal = {\pasp},
     keywords = {Astrophysics - Instrumentation and Methods for Astrophysics, Statistics - Applications},
         year = 2012,
        month = sep,
       volume = {124},
       number = {919},
        pages = {1000},
          doi = {10.1086/667697},
archivePrefix = {arXiv},
       eprint = {1203.1383},
 primaryClass = {astro-ph.IM},
       adsurl = {https://ui.adsabs.harvard.edu/abs/2012PASP..124.1000S},
      adsnote = {Provided by the SAO/NASA Astrophysics Data System}
}
@ARTICLE{juliet,
       author = {{Espinoza}, N{\'e}stor and {Kossakowski}, Diana and {Brahm}, Rafael},
        title = "{Juliet: a versatile modelling tool for transiting and non-transiting exoplanetary systems}",
      journal = {arXiv e-prints},
     keywords = {Astrophysics - Earth and Planetary Astrophysics},
         year = 2018,
        month = Dec,
          eid = {arXiv:1812.08549},
        pages = {arXiv:1812.08549},
archivePrefix = {arXiv},
       eprint = {1812.08549},
 primaryClass = {astro-ph.EP},
       adsurl = {https://ui.adsabs.harvard.edu/\#abs/2018arXiv181208549E},
      adsnote = {Provided by the SAO/NASA Astrophysics Data System}
}

@ARTICLE{tpfplotter,
       author = {{Aller}, A. and {Lillo-Box}, J. and {Jones}, D. and {Miranda}, L.~F. and {Barcel{\'o} Forteza}, S.},
        title = "{Planetary nebulae seen with TESS: Discovery of new binary central star candidates from Cycle 1}",
      journal = {\aap},
     keywords = {planetary nebulae: general, techniques: photometric, binaries: general, Astrophysics - Solar and Stellar Astrophysics},
         year = 2020,
        month = mar,
       volume = {635},
          eid = {A128},
        pages = {A128},
          doi = {10.1051/0004-6361/201937118},
archivePrefix = {arXiv},
       eprint = {1911.09991},
 primaryClass = {astro-ph.SR},
       adsurl = {https://ui.adsabs.harvard.edu/abs/2020A&A...635A.128A},
      adsnote = {Provided by the SAO/NASA Astrophysics Data System}
}
@article{SOAR,
doi = {10.1088/1538-3873/aaa7d9},
url = {https://dx.doi.org/10.1088/1538-3873/aaa7d9},
year = {2018},
month = {feb},
publisher = {The Astronomical Society of the Pacific},
volume = {130},
number = {985},
pages = {035002},
author = {Andrei Tokovinin},
title = {Ten Years of Speckle Interferometry at SOAR},
journal = {Publications of the Astronomical Society of the Pacific}
}
@article{SOAR_TESS,
doi = {10.3847/1538-3881/ab55e9},
url = {https://dx.doi.org/10.3847/1538-3881/ab55e9},
year = {2019},
month = {dec},
publisher = {The American Astronomical Society},
volume = {159},
number = {1},
pages = {19},
author = {Carl Ziegler and Andrei Tokovinin and César Briceño and James Mang and Nicholas Law and Andrew W. Mann},
title = {SOAR TESS Survey. I. Sculpting of TESS Planetary Systems by Stellar Companions},
journal = {The Astronomical Journal}
}
@software{exostriker,
       author = {{Trifonov}, Trifon},
        title = "{The Exo-Striker: Transit and radial velocity interactive fitting tool for orbital analysis and N-body simulations}",
 howpublished = {Astrophysics Source Code Library, record ascl:1906.004},
         year = 2019,
        month = jun,
          eid = {ascl:1906.004},
       adsurl = {https://ui.adsabs.harvard.edu/abs/2019ascl.soft06004T},
      adsnote = {Provided by the SAO/NASA Astrophysics Data System}
}

@article{ttvfast,
doi = {10.1088/0004-637X/787/2/132},
url = {https://dx.doi.org/10.1088/0004-637X/787/2/132},
year = {2014},
month = {may},
publisher = {The American Astronomical Society},
volume = {787},
number = {2},
pages = {132},
author = {Katherine M. Deck and Eric Agol and Matthew J. Holman and David Nesvorný},
title = {TTVFast: AN EFFICIENT AND ACCURATE CODE FOR TRANSIT TIMING INVERSION PROBLEMS},
journal = {The Astrophysical Journal}
}

@ARTICLE{dynesty,
       author = {{Speagle}, Joshua S.},
        title = "{DYNESTY: a dynamic nested sampling package for estimating Bayesian posteriors and evidences}",
      journal = {\mnras},
     keywords = {methods: data analysis, methods: statistical, Astrophysics - Instrumentation and Methods for Astrophysics, Statistics - Computation},
         year = 2020,
        month = apr,
       volume = {493},
       number = {3},
        pages = {3132-3158},
          doi = {10.1093/mnras/staa278},
archivePrefix = {arXiv},
       eprint = {1904.02180},
 primaryClass = {astro-ph.IM},
       adsurl = {https://ui.adsabs.harvard.edu/abs/2020MNRAS.493.3132S},
      adsnote = {Provided by the SAO/NASA Astrophysics Data System}
}
@article{super,
doi = {10.1088/0004-637X/761/2/122},
url = {https://dx.doi.org/10.1088/0004-637X/761/2/122},
year = {2012},
month = {dec},
publisher = {The American Astronomical Society},
volume = {761},
number = {2},
pages = {122},
author = {Yoram Lithwick and Jiwei Xie and Yanqin Wu},
title = {EXTRACTING PLANET MASS AND ECCENTRICITY FROM TTV DATA},
journal = {The Astrophysical Journal}
}
@article{celerite,
    author = {{Foreman-Mackey}, D. and {Agol}, E. and {Angus}, R. and
              {Ambikasaran}, S.},
     title = {Fast and scalable Gaussian process modeling
              with applications to astronomical time series},
      year = {2017},
   journal = {AJ},
    volume = {154},
     pages = {220},
       doi = {10.3847/1538-3881/aa9332},
       url = {https://arxiv.org/abs/1703.09710}
}
@ARTICLE{batman,
       author = {{Kreidberg}, Laura},
        title = "{batman: BAsic Transit Model cAlculatioN in Python}",
      journal = {Publications of the Astronomical Society of the Pacific},
     keywords = {Astrophysics - Earth and Planetary Astrophysics},
         year = 2015,
        month = Nov,
       volume = {127},
        pages = {1161},
          doi = {10.1086/683602},
archivePrefix = {arXiv},
       eprint = {1507.08285},
 primaryClass = {astro-ph.EP},
       adsurl = {https://ui.adsabs.harvard.edu/\#abs/2015PASP..127.1161K},
      adsnote = {Provided by the SAO/NASA Astrophysics Data System}
}
@article{TOI-216-1,
doi = {10.3847/1538-3881/ab24ba},
url = {https://dx.doi.org/10.3847/1538-3881/ab24ba},
year = {2019},
month = {jul},
publisher = {The American Astronomical Society},
volume = {158},
number = {2},
pages = {65},
author = {Rebekah I. Dawson and Chelsea X. Huang and Jack J. Lissauer and Karen A. Collins and Lizhou Sha and James Armstrong and Dennis M. Conti and Kevin I. Collins and Phil Evans and Tianjun Gan and Keith Horne and Michael Ireland and Felipe Murgas and Gordon Myers and Howard M. Relles and Ramotholo Sefako and Avi Shporer and Chris Stockdale and Maruša Žerjal and George Zhou and G. Ricker and R. Vanderspek and David W. Latham and S. Seager and J. Winn and Jon M. Jenkins and L. G. Bouma and Douglas A. Caldwell and Tansu Daylan and John P. Doty and Scott Dynes and Gilbert A. Esquerdo and Mark Rose and Jeffrey C. Smith and Liang Yu},
title = {TOI-216b and TOI-216 c: Two Warm, Large Exoplanets in or Slightly Wide of the 2:1 Orbital Resonance},
journal = {The Astronomical Journal}
}
@article{TOI-216-2,
doi = {10.3847/1538-3881/abd8d0},
url = {https://dx.doi.org/10.3847/1538-3881/abd8d0},
year = {2021},
month = {mar},
publisher = {The American Astronomical Society},
volume = {161},
number = {4},
pages = {161},
author = {Rebekah I. Dawson and Chelsea X. Huang and Rafael Brahm and Karen A. Collins and Melissa J. Hobson and Andrés Jordán and Jiayin Dong and Judith Korth and Trifon Trifonov and Lyu Abe and Abdelkrim Agabi and Ivan Bruni and R. Paul Butler and Mauro Barbieri and Kevin I. Collins and Dennis M. Conti and Jeffrey D. Crane and Nicolas Crouzet and Georgina Dransfield and Phil Evans and Néstor Espinoza and Tianjun Gan and Tristan Guillot and Thomas Henning and Jack J. Lissauer and Eric L. N. Jensen and Wenceslas Marie Sainte and Djamel Mékarnia and Gordon Myers and Sangeetha Nandakumar and Howard M. Relles and Paula Sarkis and Pascal Torres and Stephen Shectman and François-Xavier Schmider and Avi Shporer and Chris Stockdale and Johanna Teske and Amaury H. M. J. Triaud and Sharon Xuesong Wang and Carl Ziegler and G. Ricker and R. Vanderspek and David W. Latham and S. Seager and J. Winn and Jon M. Jenkins and L. G. Bouma and Jennifer A. Burt and David Charbonneau and Alan M. Levine and Scott McDermott and Brian McLean and Mark E. Rose and Andrew Vanderburg and Bill Wohler},
title = {Precise Transit and Radial-velocity Characterization of a Resonant Pair: The Warm Jupiter TOI-216c and Eccentric Warm Neptune TOI-216b},
journal = {The Astronomical Journal}
}
@ARTICLE{TOI-2202,
       author = {{Trifonov}, Trifon and {Brahm}, Rafael and {Espinoza}, Nestor and {Henning}, Thomas and {Jord{\'a}n}, Andr{\'e}s and {Nesvorny}, David and {Dawson}, Rebekah I. and {Lissauer}, Jack J. and {Lee}, Man Hoi and {Kossakowski}, Diana and {Rojas}, Felipe I. and {Hobson}, Melissa J. and {Sarkis}, Paula and {Schlecker}, Martin and {Bitsch}, Bertram and {Bakos}, Gaspar {\'A}. and {Barbieri}, Mauro and {Bhatti}, W. and {Butler}, R. Paul and {Crane}, Jeffrey D. and {Nandakumar}, Sangeetha and {D{\'\i}az}, Mat{\'\i}as R. and {Shectman}, Stephen and {Teske}, Johanna and {Torres}, Pascal and {Suc}, Vincent and {Vines}, Jose I. and {Wang}, Sharon X. and {Ricker}, George R. and {Shporer}, Avi and {Vanderburg}, Andrew and {Dragomir}, Diana and {Vanderspek}, Roland and {Burke}, Christopher J. and {Daylan}, Tansu and {Shiao}, Bernie and {Jenkins}, Jon M. and {Wohler}, Bill and {Seager}, Sara and {Winn}, Joshua N.},
        title = "{A Pair of Warm Giant Planets near the 2:1 Mean Motion Resonance around the K-dwarf Star TOI-2202}",
      journal = {\aj},
     keywords = {486, Astrophysics - Earth and Planetary Astrophysics},
         year = 2021,
        month = dec,
       volume = {162},
       number = {6},
          eid = {283},
        pages = {283},
          doi = {10.3847/1538-3881/ac1bbe},
archivePrefix = {arXiv},
       eprint = {2108.05323},
 primaryClass = {astro-ph.EP},
       adsurl = {https://ui.adsabs.harvard.edu/abs/2021AJ....162..283T},
      adsnote = {Provided by the SAO/NASA Astrophysics Data System}
}
@article{TOI-2525,
doi = {10.3847/1538-3881/acba9b},
url = {https://dx.doi.org/10.3847/1538-3881/acba9b},
year = {2023},
month = {mar},
publisher = {The American Astronomical Society},
volume = {165},
number = {4},
pages = {179},
author = {Trifon Trifonov and Rafael Brahm and Andrés Jordán and Christian Hartogh and Thomas Henning and Melissa J. Hobson and Martin Schlecker and Saburo Howard and Finja Reichardt and Nestor Espinoza and Man Hoi Lee and David Nesvorny and Felipe I. Rojas and Khalid Barkaoui and Diana Kossakowski and Gavin Boyle and Stefan Dreizler and Martin Kürster and René Heller and Tristan Guillot and Amaury H. M. J. Triaud and Lyu Abe and Abdelkrim Agabi and Philippe Bendjoya and Nicolas Crouzet and Georgina Dransfield and Thomas Gasparetto and Maximilian N. Günther and Wenceslas Marie-Sainte and Djamel Mékarnia and Olga Suarez and Johanna Teske and R. Paul Butler and Jeffrey D. Crane and Stephen Shectman and George R. Ricker and Avi Shporer and Roland Vanderspek and Jon M. Jenkins and Bill Wohler and Karen A. Collins and Kevin I. Collins and David R. Ciardi and Thomas Barclay and Ismael Mireles and Sara Seager and Joshua N. Winn},
title = {TOI-2525 b and c: A Pair of Massive Warm Giant Planets with Strong Transit Timing Variations Revealed by TESS*},
journal = {The Astronomical Journal}
}
@ARTICLE{TESS,
       author = {{Ricker}, George R. and {Winn}, Joshua N. and {Vanderspek}, Roland and {Latham}, David W. and {Bakos}, G{\'a}sp{\'a}r {\'A}. and {Bean}, Jacob L. and {Berta-Thompson}, Zachory K. and {Brown}, Timothy M. and {Buchhave}, Lars and {Butler}, Nathaniel R. and {Butler}, R. Paul and {Chaplin}, William J. and {Charbonneau}, David and {Christensen-Dalsgaard}, J{\o}rgen and {Clampin}, Mark and {Deming}, Drake and {Doty}, John and {De Lee}, Nathan and {Dressing}, Courtney and {Dunham}, Edward W. and {Endl}, Michael and {Fressin}, Francois and {Ge}, Jian and {Henning}, Thomas and {Holman}, Matthew J. and {Howard}, Andrew W. and {Ida}, Shigeru and {Jenkins}, Jon M. and {Jernigan}, Garrett and {Johnson}, John Asher and {Kaltenegger}, Lisa and {Kawai}, Nobuyuki and {Kjeldsen}, Hans and {Laughlin}, Gregory and {Levine}, Alan M. and {Lin}, Douglas and {Lissauer}, Jack J. and {MacQueen}, Phillip and {Marcy}, Geoffrey and {McCullough}, Peter R. and {Morton}, Timothy D. and {Narita}, Norio and {Paegert}, Martin and {Palle}, Enric and {Pepe}, Francesco and {Pepper}, Joshua and {Quirrenbach}, Andreas and {Rinehart}, Stephen A. and {Sasselov}, Dimitar and {Sato}, Bun'ei and {Seager}, Sara and {Sozzetti}, Alessandro and {Stassun}, Keivan G. and {Sullivan}, Peter and {Szentgyorgyi}, Andrew and {Torres}, Guillermo and {Udry}, Stephane and {Villasenor}, Joel},
        title = "{Transiting Exoplanet Survey Satellite (TESS)}",
      journal = {Journal of Astronomical Telescopes, Instruments, and Systems},
         year = 2015,
        month = jan,
       volume = {1},
          eid = {014003},
        pages = {014003},
          doi = {10.1117/1.JATIS.1.1.014003},
       adsurl = {https://ui.adsabs.harvard.edu/abs/2015JATIS...1a4003R},
      adsnote = {Provided by the SAO/NASA Astrophysics Data System}
}
@ARTICLE{feros,
       author = {{Kaufer}, A. and {Stahl}, O. and {Tubbesing}, S. and {N{\o}rregaard}, P. and {Avila}, G. and {Francois}, P. and {Pasquini}, L. and {Pizzella}, A.},
        title = "{Commissioning FEROS, the new high-resolution spectrograph at La-Silla.}",
      journal = {The Messenger},
     keywords = {Spectrographs: Data Processing},
         year = 1999,
        month = mar,
       volume = {95},
        pages = {8-12},
       adsurl = {https://ui.adsabs.harvard.edu/abs/1999Msngr..95....8K},
      adsnote = {Provided by the SAO/NASA Astrophysics Data System}
}

@ARTICLE{ceres,
       author = {{Brahm}, Rafael and {Jord{\'a}n}, Andr{\'e}s and {Espinoza}, N{\'e}stor},
        title = "{CERES: A Set of Automated Routines for Echelle Spectra}",
      journal = {\pasp},
     keywords = {Astrophysics - Instrumentation and Methods for Astrophysics, Astrophysics - Earth and Planetary Astrophysics, Astrophysics - Solar and Stellar Astrophysics},
         year = 2017,
        month = mar,
       volume = {129},
       number = {973},
        pages = {034002},
          doi = {10.1088/1538-3873/aa5455},
archivePrefix = {arXiv},
       eprint = {1609.02279},
 primaryClass = {astro-ph.IM},
       adsurl = {https://ui.adsabs.harvard.edu/abs/2017PASP..129c4002B},
      adsnote = {Provided by the SAO/NASA Astrophysics Data System}
}
@ARTICLE{bis,
       author = {{Queloz}, D. and {Henry}, G.~W. and {Sivan}, J.~P. and {Baliunas}, S.~L. and {Beuzit}, J.~L. and {Donahue}, R.~A. and {Mayor}, M. and {Naef}, D. and {Perrier}, C. and {Udry}, S.},
        title = "{No planet for HD 166435}",
      journal = {\aap},
     keywords = {STARS: ACTIVITY, INDIVIDUAL: HD 166435, PLANETARY SYSTEMS, Astrophysics},
         year = 2001,
        month = nov,
       volume = {379},
        pages = {279-287},
          doi = {10.1051/0004-6361:20011308},
archivePrefix = {arXiv},
       eprint = {astro-ph/0109491},
 primaryClass = {astro-ph},
       adsurl = {https://ui.adsabs.harvard.edu/abs/2001A&A...379..279Q},
      adsnote = {Provided by the SAO/NASA Astrophysics Data System}
}
@ARTICLE{haplha,
       author = {{Boisse}, I. and {Moutou}, C. and {Vidal-Madjar}, A. and {Bouchy}, F. and {Pont}, F. and {H{\'e}brard}, G. and {Bonfils}, X. and {Croll}, B. and {Delfosse}, X. and {Desort}, M. and {Forveille}, T. and {Lagrange}, A. -M. and {Loeillet}, B. and {Lovis}, C. and {Matthews}, J.~M. and {Mayor}, M. and {Pepe}, F. and {Perrier}, C. and {Queloz}, D. and {Rowe}, J.~F. and {Santos}, N.~C. and {S{\'e}gransan}, D. and {Udry}, S.},
        title = "{Stellar activity of planetary host star HD 189 733}",
      journal = {\aap},
     keywords = {techniques: radial velocities, stars: planetary systems, stars: individual: HD 189 733, stars: activity, Astrophysics},
         year = 2009,
        month = mar,
       volume = {495},
       number = {3},
        pages = {959-966},
          doi = {10.1051/0004-6361:200810648},
archivePrefix = {arXiv},
       eprint = {0811.3923},
 primaryClass = {astro-ph},
       adsurl = {https://ui.adsabs.harvard.edu/abs/2009A&A...495..959B},
      adsnote = {Provided by the SAO/NASA Astrophysics Data System}
}

@ARTICLE{log2,
       author = {{Duncan}, Douglas K. and {Vaughan}, Arthur H. and {Wilson}, Olin C. and {Preston}, George W. and {Frazer}, James and {Lanning}, Howard and {Misch}, Anthony and {Mueller}, Jean and {Soyumer}, David and {Woodard}, L. and {Baliunas}, Sallie L. and {Noyes}, Robert W. and {Hartmann}, Lee W. and {Porter}, Alain and {Zwaan}, Cornelis and {Middelkoop}, Frans and {Rutten}, Rene G.~M. and {Mihalas}, Dimitri},
        title = "{CA II H and K Measurements Made at Mount Wilson Observatory, 1966--1983}",
      journal = {\apjs},
     keywords = {Stellar Activity, Stellar Composition, Stellar Spectrophotometry, Calcium, Continuous Spectra, Hydrogen, Potassium, Stellar Spectra, Astrophysics, CA II EMISSION, INSTRUMENTS, STARS: CHROMOSPHERES},
         year = 1991,
        month = may,
       volume = {76},
        pages = {383},
          doi = {10.1086/191572},
       adsurl = {https://ui.adsabs.harvard.edu/abs/1991ApJS...76..383D},
      adsnote = {Provided by the SAO/NASA Astrophysics Data System}
}
@ARTICLE{log,
       author = {{Noyes}, R.~W. and {Hartmann}, L.~W. and {Baliunas}, S.~L. and {Duncan}, D.~K. and {Vaughan}, A.~H.},
        title = "{Rotation, convection, and magnetic activity in lower main-sequence stars.}",
      journal = {\apj},
     keywords = {Magnetic Stars, Main Sequence Stars, Stellar Activity, Stellar Magnetic Fields, Stellar Rotation, Chromosphere, Convection, Late Stars, Magnetoactivity, Astrophysics},
         year = 1984,
        month = apr,
       volume = {279},
        pages = {763-777},
          doi = {10.1086/161945},
       adsurl = {https://ui.adsabs.harvard.edu/abs/1984ApJ...279..763N},
      adsnote = {Provided by the SAO/NASA Astrophysics Data System}
}
@ARTICLE{he,
       author = {{Gomes da Silva}, J. and {Santos}, N.~C. and {Bonfils}, X. and {Delfosse}, X. and {Forveille}, T. and {Udry}, S.},
        title = "{Long-term magnetic activity of a sample of M-dwarf stars from the HARPS program. I. Comparison of activity indices}",
      journal = {\aap},
     keywords = {techniques: spectroscopic, stars: late-type, stars: activity, Astrophysics - Solar and Stellar Astrophysics, Astrophysics - Earth and Planetary Astrophysics},
         year = 2011,
        month = oct,
       volume = {534},
          eid = {A30},
        pages = {A30},
          doi = {10.1051/0004-6361/201116971},
archivePrefix = {arXiv},
       eprint = {1109.0321},
 primaryClass = {astro-ph.SR},
       adsurl = {https://ui.adsabs.harvard.edu/abs/2011A&A...534A..30G},
      adsnote = {Provided by the SAO/NASA Astrophysics Data System}
}
@ARTICLE{zaspe,
       author = {{Brahm}, Rafael and {Jord{\'a}n}, Andr{\'e}s and {Hartman}, Joel and {Bakos}, G{\'a}sp{\'a}r},
        title = "{ZASPE: A Code to Measure Stellar Atmospheric Parameters and their Covariance from Spectra}",
      journal = {\mnras},
     keywords = {methods: data analysis, techniques: spectroscopic, stars: fundamental parameters, (stars:) planetary systems, planetary systems, Astrophysics - Instrumentation and Methods for Astrophysics, Astrophysics - Earth and Planetary Astrophysics, Astrophysics - Solar and Stellar Astrophysics},
         year = 2017,
        month = may,
       volume = {467},
       number = {1},
        pages = {971-984},
          doi = {10.1093/mnras/stx144},
archivePrefix = {arXiv},
       eprint = {1607.05792},
 primaryClass = {astro-ph.IM},
       adsurl = {https://ui.adsabs.harvard.edu/abs/2017MNRAS.467..971B},
      adsnote = {Provided by the SAO/NASA Astrophysics Data System}
}
@ARTICLE{atlas9,
       author = {{Barban}, C. and {Goupil}, M.~J. and {Van't Veer-Menneret}, C. and {Garrido}, R. and {Kupka}, F. and {Heiter}, U.},
        title = "{New grids of ATLAS9 atmospheres. II. Limb-darkening coefficients for the Str{\"o}mgren photometric system  for A-F stars}",
      journal = {\aap},
     keywords = {stars: atmospheres, stars: oscillations, convection},
         year = 2003,
        month = jul,
       volume = {405},
        pages = {1095-1105},
          doi = {10.1051/0004-6361:20030619},
       adsurl = {https://ui.adsabs.harvard.edu/abs/2003A&A...405.1095B},
      adsnote = {Provided by the SAO/NASA Astrophysics Data System}
}
@article{par_det,
doi = {10.3847/1538-3881/abba3b},
url = {https://dx.doi.org/10.3847/1538-3881/abba3b},
year = {2020},
month = {oct},
publisher = {The American Astronomical Society},
volume = {160},
number = {5},
pages = {235},
author = {Rafael Brahm and Louise D. Nielsen and Robert A. Wittenmyer and Songhu Wang and Joseph E. Rodriguez and Néstor Espinoza and Matías I. Jones and Andrés Jordán and Thomas Henning and Melissa Hobson and Diana Kossakowski and Felipe Rojas and Paula Sarkis and Martin Schlecker and Trifon Trifonov and Sahar Shahaf and George Ricker and Roland Vanderspek and David W. Latham and Sara Seager and Joshua N. Winn and Jon M. Jenkins and Brett C. Addison and Gáspár Á. Bakos and Waqas Bhatti and Daniel Bayliss and Perry Berlind and Allyson Bieryla and Francois Bouchy and Brendan P. Bowler and César Briceño and Timothy M. Brown and Edward M. Bryant and Douglas A. Caldwell and David Charbonneau and Karen A. Collins and Allen B. Davis and Gilbert A. Esquerdo and Benjamin J. Fulton and Natalia M. Guerrero and Christopher E. Henze and Aleisha Hogan and Jonathan Horner and Chelsea X. Huang and Jonathan Irwin and Stephen R. Kane and John Kielkopf and Andrew W. Mann and Tsevi Mazeh and James McCormac and Curtis McCully and Matthew W. Mengel and Ismael Mireles and Jack Okumura and Peter Plavchan and Samuel N. Quinn and Markus Rabus and Sophie Saesen and Joshua E. Schlieder and Damien Segransan and Bernie Shiao and Avi Shporer and Robert J. Siverd and Keivan G. Stassun and Vincent Suc and Thiam-Guan Tan and Pascal Torres and Chris G. Tinney and Stephane Udry and Leonardo Vanzi and Michael Vezie and Jose I. Vines and Maja Vuckovic and Duncan J. Wright and Daniel A. Yahalomi and Abner Zapata and Hui Zhang and Carl Ziegler},
title = {TOI-481 b and TOI-892 b: Two Long-period Hot Jupiters from the Transiting Exoplanet Survey Satellite},
journal = {The Astronomical Journal}
}
@article{Tayar_2022,
doi = {10.3847/1538-4357/ac4bbc},
url = {https://dx.doi.org/10.3847/1538-4357/ac4bbc},
year = {2022},
month = {mar},
publisher = {The American Astronomical Society},
volume = {927},
number = {1},
pages = {31},
author = {Jamie Tayar and Zachary R. Claytor and Daniel Huber and Jennifer van Saders},
title = {A Guide to Realistic Uncertainties on the Fundamental Properties of Solar-type Exoplanet Host Stars},
journal = {The Astrophysical Journal}
}

@ARTICLE{Pepe2021,
       author = {{Pepe}, F. and {Cristiani}, S. and {Rebolo}, R. and {Santos}, N.~C. and {Dekker}, H. and {Cabral}, A. and {Di Marcantonio}, P. and {Figueira}, P. and {Lo Curto}, G. and {Lovis}, C. and {Mayor}, M. and {M{\'e}gevand}, D. and {Molaro}, P. and {Riva}, M. and {Zapatero Osorio}, M.~R. and {Amate}, M. and {Manescau}, A. and {Pasquini}, L. and {Zerbi}, F.~M. and {Adibekyan}, V. and {Abreu}, M. and {Affolter}, M. and {Alibert}, Y. and {Aliverti}, M. and {Allart}, R. and {Allende Prieto}, C. and {{\'A}lvarez}, D. and {Alves}, D. and {Avila}, G. and {Baldini}, V. and {Bandy}, T. and {Barros}, S.~C.~C. and {Benz}, W. and {Bianco}, A. and {Borsa}, F. and {Bourrier}, V. and {Bouchy}, F. and {Broeg}, C. and {Calderone}, G. and {Cirami}, R. and {Coelho}, J. and {Conconi}, P. and {Coretti}, I. and {Cumani}, C. and {Cupani}, G. and {D'Odorico}, V. and {Damasso}, M. and {Deiries}, S. and {Delabre}, B. and {Demangeon}, O.~D.~S. and {Dumusque}, X. and {Ehrenreich}, D. and {Faria}, J.~P. and {Fragoso}, A. and {Genolet}, L. and {Genoni}, M. and {G{\'e}nova Santos}, R. and {Gonz{\'a}lez Hern{\'a}ndez}, J.~I. and {Hughes}, I. and {Iwert}, O. and {Kerber}, F. and {Knudstrup}, J. and {Landoni}, M. and {Lavie}, B. and {Lillo-Box}, J. and {Lizon}, J. -L. and {Maire}, C. and {Martins}, C.~J.~A.~P. and {Mehner}, A. and {Micela}, G. and {Modigliani}, A. and {Monteiro}, M.~A. and {Monteiro}, M.~J.~P.~F.~G. and {Moschetti}, M. and {Murphy}, M.~T. and {Nunes}, N. and {Oggioni}, L. and {Oliveira}, A. and {Oshagh}, M. and {Pall{\'e}}, E. and {Pariani}, G. and {Poretti}, E. and {Rasilla}, J.~L. and {Rebord{\~a}o}, J. and {Redaelli}, E.~M. and {Santana Tschudi}, S. and {Santin}, P. and {Santos}, P. and {S{\'e}gransan}, D. and {Schmidt}, T.~M. and {Segovia}, A. and {Sosnowska}, D. and {Sozzetti}, A. and {Sousa}, S.~G. and {Span{\`o}}, P. and {Su{\'a}rez Mascare{\~n}o}, A. and {Tabernero}, H. and {Tenegi}, F. and {Udry}, S. and {Zanutta}, A.},
        title = "{ESPRESSO at VLT. On-sky performance and first results}",
      journal = {\aap},
     keywords = {techniques: radial velocities, instrumentation: spectrographs, planets and satellites: atmospheres, planets and satellites: detection, cosmology: miscellaneous, asteroseismology, Astrophysics - Instrumentation and Methods for Astrophysics, Astrophysics - Earth and Planetary Astrophysics},
         year = 2021,
        month = jan,
       volume = {645},
          eid = {A96},
        pages = {A96},
          doi = {10.1051/0004-6361/202038306},
archivePrefix = {arXiv},
       eprint = {2010.00316},
 primaryClass = {astro-ph.IM},
       adsurl = {https://ui.adsabs.harvard.edu/abs/2021A&A...645A..96P},
      adsnote = {Provided by the SAO/NASA Astrophysics Data System}
}
@article{TOI-199,
doi = {10.3847/1538-3881/acfc1d},
url = {https://dx.doi.org/10.3847/1538-3881/acfc1d},
year = {2023},
month = {oct},
publisher = {The American Astronomical Society},
volume = {166},
number = {5},
pages = {201},
author = {Melissa J. Hobson and Trifon Trifonov and Thomas Henning and Andrés Jordán and Felipe Rojas and Nestor Espinoza and Rafael Brahm and Jan Eberhardt and Matías I. Jones and Djamel Mekarnia and Diana Kossakowski and Martin Schlecker and Marcelo Tala Pinto and Pascal José Torres Miranda and Lyu Abe and Khalid Barkaoui and Philippe Bendjoya and François Bouchy and Marco Buttu and Ilaria Carleo and Karen A. Collins and Knicole D. Colón and Nicolas Crouzet and Diana Dragomir and Georgina Dransfield and Thomas Gasparetto and Robert F. Goeke and Tristan Guillot and Maximilian N. Günther and Saburo Howard and Jon M. Jenkins and Judith Korth and David W. Latham and Monika Lendl and Jack J. Lissauer and Christopher R. Mann and Ismael Mireles and George R. Ricker and Sophie Saesen and Richard P. Schwarz and S. Seager and Ramotholo Sefako and Avi Shporer and Chris Stockdale and Olga Suarez and Thiam-Guan Tan and Amaury H. M. J. Triaud and Solène Ulmer-Moll and Roland Vanderspek and Joshua N. Winn and Bill Wohler and George Zhou},
title = {TOI-199 b: A Well-characterized 100 day Transiting Warm Giant Planet with TTVs Seen from Antarctica},
journal = {The Astronomical Journal}
}

@ARTICLE{jones2024,
       author = {{Jones}, Mat{\'\i}as I. and {Reinarz}, Yared and {Brahm}, Rafael and {Tala Pinto}, Marcelo and {Eberhardt}, Jan and {Rojas}, Felipe and {Triaud}, Amaury H.~M.~J. and {Gupta}, Arvind F. and {Ziegler}, Carl and {Hobson}, Melissa J. and {Jord{\'a}n}, Andr{\'e}s and {Henning}, Thomas and {Trifonov}, Trifon and {Schlecker}, Martin and {Espinoza}, N{\'e}stor and {Torres-Miranda}, Pascal and {Sarkis}, Paula and {Ulmer-Moll}, Sol{\`e}ne and {Lendl}, Monika and {Uzundag}, Murat and {Moyano}, Maximiliano and {Hesse}, Katharine and {Caldwell}, Douglas A. and {Shporer}, Avi and {Lund}, Michael B. and {Jenkins}, Jon M. and {Seager}, Sara and {Winn}, Joshua N. and {Ricker}, George R. and {Burke}, Christopher J. and {Figueira}, Pedro and {Psaridi}, Angelica and {Al Moulla}, Khaled and {Mounzer}, Dany and {Standing}, Matthew R. and {Martin}, David V. and {Dransfield}, Georgina and {Baycroft}, Thomas and {Dragomir}, Diana and {Boyle}, Gavin and {Suc}, Vincent and {Mann}, Andrew W. and {Timmermans}, Mathilde and {Ducrot}, Elsa and {Hooton}, Matthew J. and {Zu{\~n}iga-Fern{\'a}ndez}, Sebasti{\'a}n and {Sebastian}, Daniel and {Gillon}, Michael and {Queloz}, Didier and {Carson}, Joe and {Lissauer}, Jack J.},
        title = "{A long-period transiting substellar companion in the super-Jupiters to brown dwarfs mass regime and a prototypical warm-Jupiter detected by TESS}",
      journal = {\aap},
     keywords = {techniques: photometric, techniques: radial velocities, planets and satellites: composition, planets and satellites: detection, planets and satellites: formation, planets and satellites: gaseous planets, Astrophysics - Earth and Planetary Astrophysics, Astrophysics - Solar and Stellar Astrophysics},
         year = 2024,
        month = mar,
       volume = {683},
          eid = {A192},
        pages = {A192},
          doi = {10.1051/0004-6361/202348147},
archivePrefix = {arXiv},
       eprint = {2401.09657},
 primaryClass = {astro-ph.EP},
       adsurl = {https://ui.adsabs.harvard.edu/abs/2024A&A...683A.192J},
      adsnote = {Provided by the SAO/NASA Astrophysics Data System}
}

@ARTICLE{mesa1,
       author = {{Paxton}, Bill and {Bildsten}, Lars and {Dotter}, Aaron and {Herwig}, Falk and {Lesaffre}, Pierre and {Timmes}, Frank},
        title = "{Modules for Experiments in Stellar Astrophysics (MESA)}",
      journal = {\apjs},
     keywords = {methods: numerical, stars: evolution, stars: general, Astrophysics - Solar and Stellar Astrophysics, Astrophysics - Instrumentation and Methods for Astrophysics},
         year = 2011,
        month = jan,
       volume = {192},
       number = {1},
          eid = {3},
        pages = {3},
          doi = {10.1088/0067-0049/192/1/3},
archivePrefix = {arXiv},
       eprint = {1009.1622},
 primaryClass = {astro-ph.SR},
       adsurl = {https://ui.adsabs.harvard.edu/abs/2011ApJS..192....3P},
      adsnote = {Provided by the SAO/NASA Astrophysics Data System}
}

@ARTICLE{mesa2,
       author = {{Paxton}, Bill and {Cantiello}, Matteo and {Arras}, Phil and {Bildsten}, Lars and {Brown}, Edward F. and {Dotter}, Aaron and {Mankovich}, Christopher and {Montgomery}, M.~H. and {Stello}, Dennis and {Timmes}, F.~X. and {Townsend}, Richard},
        title = "{Modules for Experiments in Stellar Astrophysics (MESA): Planets, Oscillations, Rotation, and Massive Stars}",
      journal = {\apjs},
     keywords = {asteroseismology, methods: numerical, planets and satellites: physical evolution, stars: evolution, stars: massive, stars: rotation, Astrophysics - Solar and Stellar Astrophysics, Astrophysics - Instrumentation and Methods for Astrophysics},
         year = 2013,
        month = sep,
       volume = {208},
       number = {1},
          eid = {4},
        pages = {4},
          doi = {10.1088/0067-0049/208/1/4},
archivePrefix = {arXiv},
       eprint = {1301.0319},
 primaryClass = {astro-ph.SR},
       adsurl = {https://ui.adsabs.harvard.edu/abs/2013ApJS..208....4P},
      adsnote = {Provided by the SAO/NASA Astrophysics Data System}
}

@ARTICLE{hubb1989,
       author = {{Hubbard}, W.~B. and {Marley}, M.~S.},
        title = "{Optimized Jupiter, Saturn, and Uranus interior models}",
      journal = {\icarus},
     keywords = {Jupiter (Planet), Optimization, Planetary Structure, Saturn (Planet), Uranus (Planet), Astronomical Models, Chemical Composition, Gravitational Effects, Heavy Elements, Moments Of Inertia, Perturbation Theory, PLANETS, JUPITER, SATURN, URANUS, GIANT PLANETS, INTERIORS, MODELS, GRAVITY PROPERTIES, HARMONICS, DENSITY, HELIUM, DEPLETION, PARAMETERS, PROCEDURE, DISTRIBUTION, CORES, MASS, MOMENT OF INERTIA, HYDROGEN, PRESSURE, COMPOSITION},
         year = 1989,
        month = mar,
       volume = {78},
       number = {1},
        pages = {102-118},
          doi = {10.1016/0019-1035(89)90072-9},
       adsurl = {https://ui.adsabs.harvard.edu/abs/1989Icar...78..102H},
      adsnote = {Provided by the SAO/NASA Astrophysics Data System}
}
@ARTICLE{toi-1408,
       author = {{Korth}, Judith and {Chaturvedi}, Priyanka and {Parviainen}, Hannu and {Carleo}, Ilaria and {Endl}, Michael and {Guenther}, Eike W. and {Nowak}, Grzegorz and {Persson}, Carina M. and {MacQueen}, Phillip J. and {Mustill}, Alexander J. and {Cabrera}, Juan and {Cochran}, William D. and {Lillo-Box}, Jorge and {Hobbs}, David and {Murgas}, Felipe and {Greklek-McKeon}, Michael and {Kellermann}, Hanna and {H{\'e}brard}, Guillaume and {Fukui}, Akihiko and {Pall{\'e}}, Enric and {Jenkins}, Jon M. and {Twicken}, Joseph D. and {Collins}, Karen A. and {Quinn}, Samuel N. and {{\v{S}}ubjak}, J{\'a}n and {Beck}, Paul G. and {Gandolfi}, Davide and {Mathur}, Savita and {Deeg}, Hans J. and {Latham}, David W. and {Albrecht}, Simon and {Barrado}, David and {Boisse}, Isabelle and {Bouy}, Herv{\'e} and {Delfosse}, Xavier and {Demangeon}, Olivier and {Garc{\'\i}a}, Rafael A. and {Hatzes}, Artie P. and {Heidari}, Neda and {Ikuta}, Kai and {Kab{\'a}th}, Petr and {Knutson}, Heather A. and {Livingston}, John and {Martioli}, Eder and {Morales-Calder{\'o}n}, Mar{\'\i}a and {Morello}, Giuseppe and {Narita}, Norio and {Orell-Miquel}, Jaume and {Osborne}, Hanna L.~M. and {Palakkatharappil}, Dinil B. and {Pinter}, Viktoria and {Redfield}, Seth and {Relles}, Howard M. and {Schwarz}, Richard P. and {Seager}, Sara and {Shporer}, Avi and {Skarka}, Marek and {Srdoc}, Gregor and {Stangret}, Monika and {Thomas}, Luis and {Van Eylen}, Vincent and {Watanabe}, Noriharu and {Winn}, Joshua N.},
        title = "{TOI-1408: Discovery and Photodynamical Modeling of a Small Inner Companion to a Hot Jupiter Revealed by Transit Timing Variations}",
      journal = {\apjl},
     keywords = {Exoplanet dynamics, Hot Jupiters, Hot Neptunes, Transit timing variation method, Transit photometry, Radial velocity, 490, 753, 754, 1710, 1709, 1332, Astrophysics - Earth and Planetary Astrophysics},
         year = 2024,
        month = aug,
       volume = {971},
       number = {2},
          eid = {L28},
        pages = {L28},
          doi = {10.3847/2041-8213/ad65fd},
archivePrefix = {arXiv},
       eprint = {2407.17798},
 primaryClass = {astro-ph.EP},
       adsurl = {https://ui.adsabs.harvard.edu/abs/2024ApJ...971L..28K},
      adsnote = {Provided by the SAO/NASA Astrophysics Data System}
}

@ARTICLE{GJ876_1,
       author = {{Millholland}, Sarah and {Laughlin}, Gregory and {Teske}, Johanna and {Butler}, R. Paul and {Burt}, Jennifer and {Holden}, Bradford and {Vogt}, Steven and {Crane}, Jeffrey and {Shectman}, Stephen and {Thompson}, Ian},
        title = "{New Constraints on Gliese 876{\textemdash}Exemplar of Mean-motion Resonance}",
      journal = {\aj},
     keywords = {planets and satellites: detection, planets and satellites: dynamical evolution and stability, planets and satellites: general, stars: individual: GJ 876, Astrophysics - Earth and Planetary Astrophysics},
         year = 2018,
        month = mar,
       volume = {155},
       number = {3},
          eid = {106},
        pages = {106},
          doi = {10.3847/1538-3881/aaa894},
archivePrefix = {arXiv},
       eprint = {1801.07831},
 primaryClass = {astro-ph.EP},
       adsurl = {https://ui.adsabs.harvard.edu/abs/2018AJ....155..106M},
      adsnote = {Provided by the SAO/NASA Astrophysics Data System}
}

@ARTICLE{GJ876_2,
       author = {{Rivera}, Eugenio J. and {Lissauer}, Jack J. and {Butler}, R. Paul and {Marcy}, Geoffrey W. and {Vogt}, Steven S. and {Fischer}, Debra A. and {Brown}, Timothy M. and {Laughlin}, Gregory and {Henry}, Gregory W.},
        title = "{A \raisebox{-0.5ex}\textasciitilde7.5 M$_{{\ensuremath{\oplus}}}$ Planet Orbiting the Nearby Star, GJ 876}",
      journal = {\apj},
     keywords = {Stars: Planetary Systems, Planets and Satellites: General, Stars: Individual: Alphanumeric: GJ 876, Astrophysics},
         year = 2005,
        month = nov,
       volume = {634},
       number = {1},
        pages = {625-640},
          doi = {10.1086/491669},
archivePrefix = {arXiv},
       eprint = {astro-ph/0510508},
 primaryClass = {astro-ph},
       adsurl = {https://ui.adsabs.harvard.edu/abs/2005ApJ...634..625R},
      adsnote = {Provided by the SAO/NASA Astrophysics Data System}
}
@ARTICLE{Jenkins2002,
   author = {{Jenkins}, J.~M.},
    title = "{The Impact of Solar-like Variability on the Detectability of Transiting Terrestrial Planets}",
  journal = {\apj},
 keywords = {Methods: Data Analysis, Stars: Planetary Systems, Techniques: Photometric},
     year = 2002,
    month = aug,
   volume = 575,
    pages = {493-505},
      doi = {10.1086/341136},
   adsurl = {http://adsabs.harvard.edu/abs/2002ApJ...575..493J},
  adsnote = {Provided by the SAO/NASA Astrophysics Data System}
}

@MISC{Jenkins2020,
       author = {{Jenkins}, Jon M. and {Tenenbaum}, Peter and {Seader}, Shawn and {Burke}, Christopher J. and {McCauliff}, Sean D. and {Smith}, Jeffrey C. and {Twicken}, Joseph D. and {Chandrasekaran}, Hema},
        title = "{Kepler Data Processing Handbook: Transiting Planet Search}",
     keywords = {Kepler},
 howpublished = {Kepler Science Document KSCI-19081-003},
         year = 2020,
        month = mar,
          eid = {9},
        pages = {9}
}
@ARTICLE{Twicken2018,
   author = {{Twicken}, J.~D. and {Catanzarite}, J.~H. and {Clarke}, B.~D. and 
                {Girouard}, F. and {Jenkins}, J.~M. and {Klaus}, T.~C. and {Li}, J. and 
                {McCauliff}, S.~D. and {Seader}, S.~E. and {Tenenbaum}, P. and 
                {Wohler}, B. and {Bryson}, S.~T. and {Burke}, C.~J. and {Caldwell}, D.~A. and 
                {Haas}, M.~R. and {Henze}, C.~E. and {Sanderfer}, D.~T.},
    title = "{Kepler Data Validation I{\mdash}Architecture, Diagnostic Tests, and Data Products for Vetting Transiting Planet Candidates}",
  journal = {\pasp},
archivePrefix = "arXiv",
   eprint = {1803.04526},
 primaryClass = "astro-ph.EP",
     year = 2018,
    month = jun,
   volume = 130,
   number = 6,
    pages = {064502},
      doi = {10.1088/1538-3873/aab694},
   adsurl = {http://adsabs.harvard.edu/abs/2018PASP..130f4502T},
  adsnote = {Provided by the SAO/NASA Astrophysics Data System}
}

@ARTICLE{Li2019,
       author = {{Li}, Jie and {Tenenbaum}, Peter and {Twicken}, Joseph D. and
         {Burke}, Christopher J. and {Jenkins}, Jon M. and {Quintana}, Elisa V. and
         {Rowe}, Jason F. and {Seader}, Shawn E.},
        title = "{Kepler Data Validation II-Transit Model Fitting and Multiple-planet Search}",
      journal = {\pasp},
     keywords = {Astrophysics - Instrumentation and Methods for Astrophysics, Astrophysics - Earth and Planetary Astrophysics},
         year = "2019",
        month = "Feb",
       volume = {131},
       number = {996},
        pages = {024506},
          doi = {10.1088/1538-3873/aaf44d},
archivePrefix = {arXiv},
       eprint = {1812.00103},
 primaryClass = {astro-ph.IM},
       adsurl = {https://ui.adsabs.harvard.edu/abs/2019PASP..131b4506L},
      adsnote = {Provided by the SAO/NASA Astrophysics Data System}
}
@ARTICLE{Kepler30a,
       author = {{Tingley}, B. and {Palle}, E. and {Parviainen}, H. and {Deeg}, H.~J. and {Zapatero Osorio}, M.~R. and {Cabrera-Lavers}, A. and {Belmonte}, J.~A. and {Rodriguez}, P.~M. and {Murgas}, F. and {Ribas}, I.},
        title = "{Detection of transit timing variations in excess of one hour in the Kepler multi-planet candidate system KOI 806 with the GTC}",
      journal = {\aap},
     keywords = {Techniques: photometric, planetary systems, stars: individual: KOI 806, stars: individual: KIC 3832474, Astrophysics - Solar and Stellar Astrophysics},
         year = 2011,
        month = dec,
       volume = {536},
          eid = {L9},
        pages = {L9},
          doi = {10.1051/0004-6361/201118264},
archivePrefix = {arXiv},
       eprint = {1111.5107},
 primaryClass = {astro-ph.SR},
       adsurl = {https://ui.adsabs.harvard.edu/abs/2011A&A...536L...9T},
      adsnote = {Provided by the SAO/NASA Astrophysics Data System}
}

@ARTICLE{Kepler30b,
       author = {{Panichi}, F. and {Go{\'z}dziewski}, K. and {Migaszewski}, C. and {Szuszkiewicz}, E.},
        title = "{The architecture and formation of the Kepler-30 planetary system}",
      journal = {\mnras},
     keywords = {methods: numerical, celestial mechanics, stars: individual: Kepler-30, planetary systems, Astrophysics - Earth and Planetary Astrophysics},
         year = 2018,
        month = aug,
       volume = {478},
       number = {2},
        pages = {2480-2494},
          doi = {10.1093/mnras/sty1071},
archivePrefix = {arXiv},
       eprint = {1707.04962},
 primaryClass = {astro-ph.EP},
       adsurl = {https://ui.adsabs.harvard.edu/abs/2018MNRAS.478.2480P},
      adsnote = {Provided by the SAO/NASA Astrophysics Data System}
}

@ARTICLE{Kepler90,
       author = {{Cabrera}, J. and {Csizmadia}, Sz. and {Lehmann}, H. and {Dvorak}, R. and {Gandolfi}, D. and {Rauer}, H. and {Erikson}, A. and {Dreyer}, C. and {Eigm{\"u}ller}, Ph. and {Hatzes}, A.},
        title = "{The Planetary System to KIC 11442793: A Compact Analogue to the Solar System}",
      journal = {\apj},
     keywords = {planetary systems, planets and satellites: detection, planets and satellites: dynamical evolution and stability, stars: individual: KIC 11442793 KOI 351 Kepler-90, techniques: photometric, techniques: spectroscopic, Astrophysics - Earth and Planetary Astrophysics},
         year = 2014,
        month = jan,
       volume = {781},
       number = {1},
          eid = {18},
        pages = {18},
          doi = {10.1088/0004-637X/781/1/18},
archivePrefix = {arXiv},
       eprint = {1310.6248},
 primaryClass = {astro-ph.EP},
       adsurl = {https://ui.adsabs.harvard.edu/abs/2014ApJ...781...18C},
      adsnote = {Provided by the SAO/NASA Astrophysics Data System}
}

@ARTICLE{Holczer2016,
       author = {{Holczer}, Tomer and {Mazeh}, Tsevi and {Nachmani}, Gil and {Jontof-Hutter}, Daniel and {Ford}, Eric B. and {Fabrycky}, Daniel and {Ragozzine}, Darin and {Kane}, Mackenzie and {Steffen}, Jason H.},
        title = "{Transit Timing Observations from Kepler. IX. Catalog of the Full Long-cadence Data Set}",
      journal = {\apjs},
     keywords = {planets and satellites: detection, techniques: miscellaneous, techniques: photometric, Astrophysics - Earth and Planetary Astrophysics},
         year = 2016,
        month = jul,
       volume = {225},
       number = {1},
          eid = {9},
        pages = {9},
          doi = {10.3847/0067-0049/225/1/9},
archivePrefix = {arXiv},
       eprint = {1606.01744},
 primaryClass = {astro-ph.EP},
       adsurl = {https://ui.adsabs.harvard.edu/abs/2016ApJS..225....9H},
      adsnote = {Provided by the SAO/NASA Astrophysics Data System}
}

